,food,price,lbs,multiplier,description,amount,nutrient_nbr,name,unit_name,price_per_lb,price_per_lb_adjusted,g,price_per_g,price_per_g_adjusted,price_per_100_g,price_per_100_g_adjusted,price_per_nutrient_unit,nutrient_unit_per_dollar
0,Wheat flour,24.49,50.0,1.0,"Wheat flour, whole-grain (Includes foods for USDA's Food Distribution Program)",0.0,431.0,Folic acid,UG,0.48979999999999996,0.48979999999999996,22679.6,0.0010798250410060143,0.0010798250410060143,0.10798250410060144,0.10798250410060144,inf,0.0
1,Wheat flour,24.49,50.0,1.0,"Wheat flour, whole-grain (Includes foods for USDA's Food Distribution Program)",44.0,435.0,"Folate, DFE",UG,0.48979999999999996,0.48979999999999996,22679.6,0.0010798250410060143,0.0010798250410060143,0.10798250410060144,0.10798250410060144,0.0024541478204682145,407.47341772151896
2,Wheat flour,24.49,50.0,1.0,"Wheat flour, whole-grain (Includes foods for USDA's Food Distribution Program)",72.8,454.0,Betaine,MG,0.48979999999999996,0.48979999999999996,22679.6,0.0010798250410060143,0.0010798250410060143,0.10798250410060144,0.10798250410060144,0.0014832761552280417,674.1832911392404
3,Wheat flour,24.49,50.0,1.0,"Wheat flour, whole-grain (Includes foods for USDA's Food Distribution Program)",0.443,503.0,Isoleucine,G,0.48979999999999996,0.48979999999999996,22679.6,0.0010798250410060143,0.0010798250410060143,0.10798250410060144,0.10798250410060144,0.24375283092686553,4.102516455696202
4,Wheat flour,24.49,50.0,1.0,"Wheat flour, whole-grain (Includes foods for USDA's Food Distribution Program)",0.898,504.0,Leucine,G,0.48979999999999996,0.48979999999999996,22679.6,0.0010798250410060143,0.0010798250410060143,0.10798250410060144,0.10798250410060144,0.1202477773948791,8.316162025316455
5,Wheat flour,24.49,50.0,1.0,"Wheat flour, whole-grain (Includes foods for USDA's Food Distribution Program)",0.359,505.0,Lysine,G,0.48979999999999996,0.48979999999999996,22679.6,0.0010798250410060143,0.0010798250410060143,0.10798250410060144,0.10798250410060144,0.3007869195002826,3.3246126582278475
6,Wheat flour,24.49,50.0,1.0,"Wheat flour, whole-grain (Includes foods for USDA's Food Distribution Program)",0.275,507.0,Cystine,G,0.48979999999999996,0.48979999999999996,22679.6,0.0010798250410060143,0.0010798250410060143,0.10798250410060144,0.10798250410060144,0.39266365127491426,2.5467088607594937
7,Wheat flour,24.49,50.0,1.0,"Wheat flour, whole-grain (Includes foods for USDA's Food Distribution Program)",0.564,510.0,Valine,G,0.48979999999999996,0.48979999999999996,22679.6,0.0010798250410060143,0.0010798250410060143,0.10798250410060144,0.10798250410060144,0.19145834060390327,5.223068354430379
8,Wheat flour,24.49,50.0,1.0,"Wheat flour, whole-grain (Includes foods for USDA's Food Distribution Program)",0.648,511.0,Arginine,G,0.48979999999999996,0.48979999999999996,22679.6,0.0010798250410060143,0.0010798250410060143,0.10798250410060144,0.10798250410060144,0.1666396668219158,6.000972151898734
9,Wheat flour,24.49,50.0,1.0,"Wheat flour, whole-grain (Includes foods for USDA's Food Distribution Program)",0.357,512.0,Histidine,G,0.48979999999999996,0.48979999999999996,22679.6,0.0010798250410060143,0.0010798250410060143,0.10798250410060144,0.10798250410060144,0.30247200028179677,3.3060911392405057
10,Wheat flour,24.49,50.0,1.0,"Wheat flour, whole-grain (Includes foods for USDA's Food Distribution Program)",0.722,514.0,Aspartic acid,G,0.48979999999999996,0.48979999999999996,22679.6,0.0010798250410060143,0.0010798250410060143,0.10798250410060144,0.10798250410060144,0.1495602549869826,6.6862683544303785
11,Wheat flour,24.49,50.0,1.0,"Wheat flour, whole-grain (Includes foods for USDA's Food Distribution Program)",0.62,518.0,Serine,G,0.48979999999999996,0.48979999999999996,22679.6,0.0010798250410060143,0.0010798250410060143,0.10798250410060144,0.10798250410060144,0.17416532919451844,5.741670886075949
12,Wheat flour,24.49,50.0,1.0,"Wheat flour, whole-grain (Includes foods for USDA's Food Distribution Program)",0.0,610.0,SFA 10:0,G,0.48979999999999996,0.48979999999999996,22679.6,0.0010798250410060143,0.0010798250410060143,0.10798250410060144,0.10798250410060144,inf,0.0
13,Wheat flour,24.49,50.0,1.0,"Wheat flour, whole-grain (Includes foods for USDA's Food Distribution Program)",0.41,613.0,SFA 16:0,G,0.48979999999999996,0.48979999999999996,22679.6,0.0010798250410060143,0.0010798250410060143,0.10798250410060144,0.10798250410060144,0.2633719612209791,3.7969113924050624
14,Wheat flour,24.49,50.0,1.0,"Wheat flour, whole-grain (Includes foods for USDA's Food Distribution Program)",0.02,614.0,SFA 18:0,G,0.48979999999999996,0.48979999999999996,22679.6,0.0010798250410060143,0.0010798250410060143,0.10798250410060144,0.10798250410060144,5.399125205030072,0.1852151898734177
15,Wheat flour,24.49,50.0,1.0,"Wheat flour, whole-grain (Includes foods for USDA's Food Distribution Program)",0.0,615.0,SFA 20:0,G,0.48979999999999996,0.48979999999999996,22679.6,0.0010798250410060143,0.0010798250410060143,0.10798250410060144,0.10798250410060144,inf,0.0
16,Wheat flour,24.49,50.0,1.0,"Wheat flour, whole-grain (Includes foods for USDA's Food Distribution Program)",0.273,617.0,MUFA 18:1,G,0.48979999999999996,0.48979999999999996,22679.6,0.0010798250410060143,0.0010798250410060143,0.10798250410060144,0.10798250410060144,0.3955403080608111,2.528187341772152
17,Wheat flour,24.49,50.0,1.0,"Wheat flour, whole-grain (Includes foods for USDA's Food Distribution Program)",1.093,618.0,PUFA 18:2,G,0.48979999999999996,0.48979999999999996,22679.6,0.0010798250410060143,0.0010798250410060143,0.10798250410060144,0.10798250410060144,0.09879460576450269,10.122010126582277
18,Wheat flour,24.49,50.0,1.0,"Wheat flour, whole-grain (Includes foods for USDA's Food Distribution Program)",0.073,619.0,PUFA 18:3,G,0.48979999999999996,0.48979999999999996,22679.6,0.0010798250410060143,0.0010798250410060143,0.10798250410060144,0.10798250410060144,1.4792123849397458,0.6760354430379746
19,Wheat flour,24.49,50.0,1.0,"Wheat flour, whole-grain (Includes foods for USDA's Food Distribution Program)",0.0,620.0,PUFA 20:4,G,0.48979999999999996,0.48979999999999996,22679.6,0.0010798250410060143,0.0010798250410060143,0.10798250410060144,0.10798250410060144,inf,0.0
20,Wheat flour,24.49,50.0,1.0,"Wheat flour, whole-grain (Includes foods for USDA's Food Distribution Program)",0.0,627.0,PUFA 18:4,G,0.48979999999999996,0.48979999999999996,22679.6,0.0010798250410060143,0.0010798250410060143,0.10798250410060144,0.10798250410060144,inf,0.0
21,Wheat flour,24.49,50.0,1.0,"Wheat flour, whole-grain (Includes foods for USDA's Food Distribution Program)",0.01,628.0,MUFA 20:1,G,0.48979999999999996,0.48979999999999996,22679.6,0.0010798250410060143,0.0010798250410060143,0.10798250410060144,0.10798250410060144,10.798250410060144,0.09260759493670885
22,Wheat flour,24.49,50.0,1.0,"Wheat flour, whole-grain (Includes foods for USDA's Food Distribution Program)",0.0,630.0,MUFA 22:1,G,0.48979999999999996,0.48979999999999996,22679.6,0.0010798250410060143,0.0010798250410060143,0.10798250410060144,0.10798250410060144,inf,0.0
23,Wheat flour,24.49,50.0,1.0,"Wheat flour, whole-grain (Includes foods for USDA's Food Distribution Program)",0.283,645.0,"Fatty acids, total monounsaturated",G,0.48979999999999996,0.48979999999999996,22679.6,0.0010798250410060143,0.0010798250410060143,0.10798250410060144,0.10798250410060144,0.38156361873004047,2.6207949367088603
24,Wheat flour,24.49,50.0,1.0,"Wheat flour, whole-grain (Includes foods for USDA's Food Distribution Program)",1.167,646.0,"Fatty acids, total polyunsaturated",G,0.48979999999999996,0.48979999999999996,22679.6,0.0010798250410060143,0.0010798250410060143,0.10798250410060144,0.10798250410060144,0.09252999494481699,10.807306329113922
25,Wheat flour,24.49,50.0,1.0,"Wheat flour, whole-grain (Includes foods for USDA's Food Distribution Program)",0.0,652.0,SFA 15:0,G,0.48979999999999996,0.48979999999999996,22679.6,0.0010798250410060143,0.0010798250410060143,0.10798250410060144,0.10798250410060144,inf,0.0
26,Wheat flour,24.49,50.0,1.0,"Wheat flour, whole-grain (Includes foods for USDA's Food Distribution Program)",0.0,672.0,"PUFA 20:2 n-6 c,c",G,0.48979999999999996,0.48979999999999996,22679.6,0.0010798250410060143,0.0010798250410060143,0.10798250410060144,0.10798250410060144,inf,0.0
27,Wheat flour,24.49,50.0,1.0,"Wheat flour, whole-grain (Includes foods for USDA's Food Distribution Program)",0.0,689.0,PUFA 20:3,G,0.48979999999999996,0.48979999999999996,22679.6,0.0010798250410060143,0.0010798250410060143,0.10798250410060144,0.10798250410060144,inf,0.0
28,Wheat flour,24.49,50.0,1.0,"Wheat flour, whole-grain (Includes foods for USDA's Food Distribution Program)",0.0,857.0,PUFA 21:5,G,0.48979999999999996,0.48979999999999996,22679.6,0.0010798250410060143,0.0010798250410060143,0.10798250410060144,0.10798250410060144,inf,0.0
29,Wheat flour,24.49,50.0,1.0,"Wheat flour, whole-grain (Includes foods for USDA's Food Distribution Program)",2.5,204.0,Total lipid (fat),G,0.48979999999999996,0.48979999999999996,22679.6,0.0010798250410060143,0.0010798250410060143,0.10798250410060144,0.10798250410060144,0.04319300164024058,23.151898734177212
30,Wheat flour,24.49,50.0,1.0,"Wheat flour, whole-grain (Includes foods for USDA's Food Distribution Program)",71.97,205.0,"Carbohydrate, by difference",G,0.48979999999999996,0.48979999999999996,22679.6,0.0010798250410060143,0.0010798250410060143,0.10798250410060144,0.10798250410060144,0.0015003821606308385,666.4968607594935
31,Wheat flour,24.49,50.0,1.0,"Wheat flour, whole-grain (Includes foods for USDA's Food Distribution Program)",340.0,208.0,Energy,KCAL,0.48979999999999996,0.48979999999999996,22679.6,0.0010798250410060143,0.0010798250410060143,0.10798250410060144,0.10798250410060144,0.00031759560029588656,3148.658227848101
32,Wheat flour,24.49,50.0,1.0,"Wheat flour, whole-grain (Includes foods for USDA's Food Distribution Program)",0.36,210.0,Sucrose,G,0.48979999999999996,0.48979999999999996,22679.6,0.0010798250410060143,0.0010798250410060143,0.10798250410060144,0.10798250410060144,0.29995140027944844,3.3338734177215184
33,Wheat flour,24.49,50.0,1.0,"Wheat flour, whole-grain (Includes foods for USDA's Food Distribution Program)",0.0,211.0,Glucose,G,0.48979999999999996,0.48979999999999996,22679.6,0.0010798250410060143,0.0010798250410060143,0.10798250410060144,0.10798250410060144,inf,0.0
34,Wheat flour,24.49,50.0,1.0,"Wheat flour, whole-grain (Includes foods for USDA's Food Distribution Program)",10.74,255.0,Water,G,0.48979999999999996,0.48979999999999996,22679.6,0.0010798250410060143,0.0010798250410060143,0.10798250410060144,0.10798250410060144,0.010054236880875367,99.46055696202531
35,Wheat flour,24.49,50.0,1.0,"Wheat flour, whole-grain (Includes foods for USDA's Food Distribution Program)",0.41,269.0,"Sugars, Total",G,0.48979999999999996,0.48979999999999996,22679.6,0.0010798250410060143,0.0010798250410060143,0.10798250410060144,0.10798250410060144,0.2633719612209791,3.7969113924050624
36,Wheat flour,24.49,50.0,1.0,"Wheat flour, whole-grain (Includes foods for USDA's Food Distribution Program)",34.0,301.0,"Calcium, Ca",MG,0.48979999999999996,0.48979999999999996,22679.6,0.0010798250410060143,0.0010798250410060143,0.10798250410060144,0.10798250410060144,0.003175956002958866,314.86582278481006
37,Wheat flour,24.49,50.0,1.0,"Wheat flour, whole-grain (Includes foods for USDA's Food Distribution Program)",363.0,306.0,"Potassium, K",MG,0.48979999999999996,0.48979999999999996,22679.6,0.0010798250410060143,0.0010798250410060143,0.10798250410060144,0.10798250410060144,0.0002974724630870563,3361.655696202531
38,Wheat flour,24.49,50.0,1.0,"Wheat flour, whole-grain (Includes foods for USDA's Food Distribution Program)",2.6,309.0,"Zinc, Zn",MG,0.48979999999999996,0.48979999999999996,22679.6,0.0010798250410060143,0.0010798250410060143,0.10798250410060144,0.10798250410060144,0.041531732346385165,24.0779746835443
39,Wheat flour,24.49,50.0,1.0,"Wheat flour, whole-grain (Includes foods for USDA's Food Distribution Program)",61.8,317.0,"Selenium, Se",UG,0.48979999999999996,0.48979999999999996,22679.6,0.0010798250410060143,0.0010798250410060143,0.10798250410060144,0.10798250410060144,0.0017472897103657191,572.3149367088606
40,Wheat flour,24.49,50.0,1.0,"Wheat flour, whole-grain (Includes foods for USDA's Food Distribution Program)",0.71,323.0,Vitamin E (alpha-tocopherol),MG,0.48979999999999996,0.48979999999999996,22679.6,0.0010798250410060143,0.0010798250410060143,0.10798250410060144,0.10798250410060144,0.15208803394450907,6.575139240506328
41,Wheat flour,24.49,50.0,1.0,"Wheat flour, whole-grain (Includes foods for USDA's Food Distribution Program)",0.23,341.0,"Tocopherol, beta",MG,0.48979999999999996,0.48979999999999996,22679.6,0.0010798250410060143,0.0010798250410060143,0.10798250410060144,0.10798250410060144,0.4694891482634845,2.1299746835443036
42,Wheat flour,24.49,50.0,1.0,"Wheat flour, whole-grain (Includes foods for USDA's Food Distribution Program)",1.91,342.0,"Tocopherol, gamma",MG,0.48979999999999996,0.48979999999999996,22679.6,0.0010798250410060143,0.0010798250410060143,0.10798250410060144,0.10798250410060144,0.056535342461047876,17.688050632911388
43,Wheat flour,24.49,50.0,1.0,"Wheat flour, whole-grain (Includes foods for USDA's Food Distribution Program)",0.3,344.0,"Tocotrienol, alpha",MG,0.48979999999999996,0.48979999999999996,22679.6,0.0010798250410060143,0.0010798250410060143,0.10798250410060144,0.10798250410060144,0.35994168033533813,2.7782278481012654
44,Wheat flour,24.49,50.0,1.0,"Wheat flour, whole-grain (Includes foods for USDA's Food Distribution Program)",0.0,345.0,"Tocotrienol, beta",MG,0.48979999999999996,0.48979999999999996,22679.6,0.0010798250410060143,0.0010798250410060143,0.10798250410060144,0.10798250410060144,inf,0.0
45,Wheat flour,24.49,50.0,1.0,"Wheat flour, whole-grain (Includes foods for USDA's Food Distribution Program)",4.957,406.0,Niacin,MG,0.48979999999999996,0.48979999999999996,22679.6,0.0010798250410060143,0.0010798250410060143,0.10798250410060144,0.10798250410060144,0.021783841860117295,45.90558481012658
46,Wheat flour,24.49,50.0,1.0,"Wheat flour, whole-grain (Includes foods for USDA's Food Distribution Program)",0.603,410.0,Pantothenic acid,MG,0.48979999999999996,0.48979999999999996,22679.6,0.0010798250410060143,0.0010798250410060143,0.10798250410060144,0.10798250410060144,0.17907546285340206,5.5842379746835435
47,Wheat flour,24.49,50.0,1.0,"Wheat flour, whole-grain (Includes foods for USDA's Food Distribution Program)",0.407,415.0,Vitamin B-6,MG,0.48979999999999996,0.48979999999999996,22679.6,0.0010798250410060143,0.0010798250410060143,0.10798250410060144,0.10798250410060144,0.26531327788845566,3.7691291139240497
48,Wheat flour,24.49,50.0,1.0,"Wheat flour, whole-grain (Includes foods for USDA's Food Distribution Program)",13.21,203.0,Protein,G,0.48979999999999996,0.48979999999999996,22679.6,0.0010798250410060143,0.0010798250410060143,0.10798250410060144,0.10798250410060144,0.008174300083315779,122.33463291139239
49,Wheat flour,24.49,50.0,1.0,"Wheat flour, whole-grain (Includes foods for USDA's Food Distribution Program)",1.58,207.0,Ash,G,0.48979999999999996,0.48979999999999996,22679.6,0.0010798250410060143,0.0010798250410060143,0.10798250410060144,0.10798250410060144,0.0683433570256971,14.631999999999998
50,Wheat flour,24.49,50.0,1.0,"Wheat flour, whole-grain (Includes foods for USDA's Food Distribution Program)",57.77,209.0,Starch,G,0.48979999999999996,0.48979999999999996,22679.6,0.0010798250410060143,0.0010798250410060143,0.10798250410060144,0.10798250410060144,0.0018691795759148595,534.994075949367
51,Wheat flour,24.49,50.0,1.0,"Wheat flour, whole-grain (Includes foods for USDA's Food Distribution Program)",0.05,212.0,Fructose,G,0.48979999999999996,0.48979999999999996,22679.6,0.0010798250410060143,0.0010798250410060143,0.10798250410060144,0.10798250410060144,2.159650082012029,0.46303797468354424
52,Wheat flour,24.49,50.0,1.0,"Wheat flour, whole-grain (Includes foods for USDA's Food Distribution Program)",1424.0,268.0,Energy,kJ,0.48979999999999996,0.48979999999999996,22679.6,0.0010798250410060143,0.0010798250410060143,0.10798250410060144,0.10798250410060144,7.583041018300663e-05,13187.321518987339
53,Wheat flour,24.49,50.0,1.0,"Wheat flour, whole-grain (Includes foods for USDA's Food Distribution Program)",10.7,291.0,"Fiber, total dietary",G,0.48979999999999996,0.48979999999999996,22679.6,0.0010798250410060143,0.0010798250410060143,0.10798250410060144,0.10798250410060144,0.010091822813140323,99.09012658227846
54,Wheat flour,24.49,50.0,1.0,"Wheat flour, whole-grain (Includes foods for USDA's Food Distribution Program)",3.6,303.0,"Iron, Fe",MG,0.48979999999999996,0.48979999999999996,22679.6,0.0010798250410060143,0.0010798250410060143,0.10798250410060144,0.10798250410060144,0.029995140027944844,33.33873417721519
55,Wheat flour,24.49,50.0,1.0,"Wheat flour, whole-grain (Includes foods for USDA's Food Distribution Program)",137.0,304.0,"Magnesium, Mg",MG,0.48979999999999996,0.48979999999999996,22679.6,0.0010798250410060143,0.0010798250410060143,0.10798250410060144,0.10798250410060144,0.0007881934605883317,1268.7240506329113
56,Wheat flour,24.49,50.0,1.0,"Wheat flour, whole-grain (Includes foods for USDA's Food Distribution Program)",357.0,305.0,"Phosphorus, P",MG,0.48979999999999996,0.48979999999999996,22679.6,0.0010798250410060143,0.0010798250410060143,0.10798250410060144,0.10798250410060144,0.00030247200028179675,3306.091139240506
57,Wheat flour,24.49,50.0,1.0,"Wheat flour, whole-grain (Includes foods for USDA's Food Distribution Program)",2.0,307.0,"Sodium, Na",MG,0.48979999999999996,0.48979999999999996,22679.6,0.0010798250410060143,0.0010798250410060143,0.10798250410060144,0.10798250410060144,0.05399125205030072,18.521518987341768
58,Wheat flour,24.49,50.0,1.0,"Wheat flour, whole-grain (Includes foods for USDA's Food Distribution Program)",0.41,312.0,"Copper, Cu",MG,0.48979999999999996,0.48979999999999996,22679.6,0.0010798250410060143,0.0010798250410060143,0.10798250410060144,0.10798250410060144,0.2633719612209791,3.7969113924050624
59,Wheat flour,24.49,50.0,1.0,"Wheat flour, whole-grain (Includes foods for USDA's Food Distribution Program)",4.067,315.0,"Manganese, Mn",MG,0.48979999999999996,0.48979999999999996,22679.6,0.0010798250410060143,0.0010798250410060143,0.10798250410060144,0.10798250410060144,0.026550898475682674,37.66350886075949
60,Wheat flour,24.49,50.0,1.0,"Wheat flour, whole-grain (Includes foods for USDA's Food Distribution Program)",5.0,321.0,"Carotene, beta",UG,0.48979999999999996,0.48979999999999996,22679.6,0.0010798250410060143,0.0010798250410060143,0.10798250410060144,0.10798250410060144,0.02159650082012029,46.303797468354425
61,Wheat flour,24.49,50.0,1.0,"Wheat flour, whole-grain (Includes foods for USDA's Food Distribution Program)",0.0,343.0,"Tocopherol, delta",MG,0.48979999999999996,0.48979999999999996,22679.6,0.0010798250410060143,0.0010798250410060143,0.10798250410060144,0.10798250410060144,inf,0.0
62,Wheat flour,24.49,50.0,1.0,"Wheat flour, whole-grain (Includes foods for USDA's Food Distribution Program)",0.03,346.0,"Tocotrienol, gamma",MG,0.48979999999999996,0.48979999999999996,22679.6,0.0010798250410060143,0.0010798250410060143,0.10798250410060144,0.10798250410060144,3.5994168033533813,0.2778227848101265
63,Wheat flour,24.49,50.0,1.0,"Wheat flour, whole-grain (Includes foods for USDA's Food Distribution Program)",0.0,347.0,"Tocotrienol, delta",MG,0.48979999999999996,0.48979999999999996,22679.6,0.0010798250410060143,0.0010798250410060143,0.10798250410060144,0.10798250410060144,inf,0.0
64,Wheat flour,24.49,50.0,1.0,"Wheat flour, whole-grain (Includes foods for USDA's Food Distribution Program)",0.502,404.0,Thiamin,MG,0.48979999999999996,0.48979999999999996,22679.6,0.0010798250410060143,0.0010798250410060143,0.10798250410060144,0.10798250410060144,0.21510458984183553,4.648901265822784
65,Wheat flour,24.49,50.0,1.0,"Wheat flour, whole-grain (Includes foods for USDA's Food Distribution Program)",0.165,405.0,Riboflavin,MG,0.48979999999999996,0.48979999999999996,22679.6,0.0010798250410060143,0.0010798250410060143,0.10798250410060144,0.10798250410060144,0.6544394187915238,1.528025316455696
66,Wheat flour,24.49,50.0,1.0,"Wheat flour, whole-grain (Includes foods for USDA's Food Distribution Program)",1.9,430.0,Vitamin K (phylloquinone),UG,0.48979999999999996,0.48979999999999996,22679.6,0.0010798250410060143,0.0010798250410060143,0.10798250410060144,0.10798250410060144,0.05683289689505339,17.59544303797468
67,Wheat flour,24.49,50.0,1.0,"Wheat flour, whole-grain (Includes foods for USDA's Food Distribution Program)",44.0,432.0,"Folate, food",UG,0.48979999999999996,0.48979999999999996,22679.6,0.0010798250410060143,0.0010798250410060143,0.10798250410060144,0.10798250410060144,0.0024541478204682145,407.47341772151896
68,Wheat flour,24.49,50.0,1.0,"Wheat flour, whole-grain (Includes foods for USDA's Food Distribution Program)",0.174,501.0,Tryptophan,G,0.48979999999999996,0.48979999999999996,22679.6,0.0010798250410060143,0.0010798250410060143,0.10798250410060144,0.10798250410060144,0.6205891040264451,1.6113721518987338
69,Wheat flour,24.49,50.0,1.0,"Wheat flour, whole-grain (Includes foods for USDA's Food Distribution Program)",0.367,502.0,Threonine,G,0.48979999999999996,0.48979999999999996,22679.6,0.0010798250410060143,0.0010798250410060143,0.10798250410060144,0.10798250410060144,0.2942302564049086,3.3986987341772146
70,Wheat flour,24.49,50.0,1.0,"Wheat flour, whole-grain (Includes foods for USDA's Food Distribution Program)",0.228,506.0,Methionine,G,0.48979999999999996,0.48979999999999996,22679.6,0.0010798250410060143,0.0010798250410060143,0.10798250410060144,0.10798250410060144,0.4736074741254449,2.111453164556962
71,Wheat flour,24.49,50.0,1.0,"Wheat flour, whole-grain (Includes foods for USDA's Food Distribution Program)",0.682,508.0,Phenylalanine,G,0.48979999999999996,0.48979999999999996,22679.6,0.0010798250410060143,0.0010798250410060143,0.10798250410060144,0.10798250410060144,0.15833211744956222,6.315837974683544
72,Wheat flour,24.49,50.0,1.0,"Wheat flour, whole-grain (Includes foods for USDA's Food Distribution Program)",0.275,509.0,Tyrosine,G,0.48979999999999996,0.48979999999999996,22679.6,0.0010798250410060143,0.0010798250410060143,0.10798250410060144,0.10798250410060144,0.39266365127491426,2.5467088607594937
73,Wheat flour,24.49,50.0,1.0,"Wheat flour, whole-grain (Includes foods for USDA's Food Distribution Program)",0.489,513.0,Alanine,G,0.48979999999999996,0.48979999999999996,22679.6,0.0010798250410060143,0.0010798250410060143,0.10798250410060144,0.10798250410060144,0.2208231167701461,4.528511392405062
74,Wheat flour,24.49,50.0,1.0,"Wheat flour, whole-grain (Includes foods for USDA's Food Distribution Program)",4.328,515.0,Glutamic acid,G,0.48979999999999996,0.48979999999999996,22679.6,0.0010798250410060143,0.0010798250410060143,0.10798250410060144,0.10798250410060144,0.024949746788493862,40.080567088607594
75,Wheat flour,24.49,50.0,1.0,"Wheat flour, whole-grain (Includes foods for USDA's Food Distribution Program)",0.569,516.0,Glycine,G,0.48979999999999996,0.48979999999999996,22679.6,0.0010798250410060143,0.0010798250410060143,0.10798250410060144,0.10798250410060144,0.18977592987803418,5.269372151898733
76,Wheat flour,24.49,50.0,1.0,"Wheat flour, whole-grain (Includes foods for USDA's Food Distribution Program)",2.075,517.0,Proline,G,0.48979999999999996,0.48979999999999996,22679.6,0.0010798250410060143,0.0010798250410060143,0.10798250410060144,0.10798250410060144,0.05203976101233804,19.216075949367088
77,Wheat flour,24.49,50.0,1.0,"Wheat flour, whole-grain (Includes foods for USDA's Food Distribution Program)",0.43,606.0,"Fatty acids, total saturated",G,0.48979999999999996,0.48979999999999996,22679.6,0.0010798250410060143,0.0010798250410060143,0.10798250410060144,0.10798250410060144,0.2511221025595382,3.9821265822784806
78,Wheat flour,24.49,50.0,1.0,"Wheat flour, whole-grain (Includes foods for USDA's Food Distribution Program)",0.0,609.0,SFA 8:0,G,0.48979999999999996,0.48979999999999996,22679.6,0.0010798250410060143,0.0010798250410060143,0.10798250410060144,0.10798250410060144,inf,0.0
79,Wheat flour,24.49,50.0,1.0,"Wheat flour, whole-grain (Includes foods for USDA's Food Distribution Program)",0.0,611.0,SFA 12:0,G,0.48979999999999996,0.48979999999999996,22679.6,0.0010798250410060143,0.0010798250410060143,0.10798250410060144,0.10798250410060144,inf,0.0
80,Wheat flour,24.49,50.0,1.0,"Wheat flour, whole-grain (Includes foods for USDA's Food Distribution Program)",0.0,612.0,SFA 14:0,G,0.48979999999999996,0.48979999999999996,22679.6,0.0010798250410060143,0.0010798250410060143,0.10798250410060144,0.10798250410060144,inf,0.0
81,Wheat flour,24.49,50.0,1.0,"Wheat flour, whole-grain (Includes foods for USDA's Food Distribution Program)",0.0,621.0,PUFA 22:6 n-3 (DHA),G,0.48979999999999996,0.48979999999999996,22679.6,0.0010798250410060143,0.0010798250410060143,0.10798250410060144,0.10798250410060144,inf,0.0
82,Wheat flour,24.49,50.0,1.0,"Wheat flour, whole-grain (Includes foods for USDA's Food Distribution Program)",0.0,624.0,SFA 22:0,G,0.48979999999999996,0.48979999999999996,22679.6,0.0010798250410060143,0.0010798250410060143,0.10798250410060144,0.10798250410060144,inf,0.0
83,Wheat flour,24.49,50.0,1.0,"Wheat flour, whole-grain (Includes foods for USDA's Food Distribution Program)",0.0,625.0,MUFA 14:1,G,0.48979999999999996,0.48979999999999996,22679.6,0.0010798250410060143,0.0010798250410060143,0.10798250410060144,0.10798250410060144,inf,0.0
84,Wheat flour,24.49,50.0,1.0,"Wheat flour, whole-grain (Includes foods for USDA's Food Distribution Program)",0.0,626.0,MUFA 16:1,G,0.48979999999999996,0.48979999999999996,22679.6,0.0010798250410060143,0.0010798250410060143,0.10798250410060144,0.10798250410060144,inf,0.0
85,Wheat flour,24.49,50.0,1.0,"Wheat flour, whole-grain (Includes foods for USDA's Food Distribution Program)",0.0,629.0,PUFA 20:5 n-3 (EPA),G,0.48979999999999996,0.48979999999999996,22679.6,0.0010798250410060143,0.0010798250410060143,0.10798250410060144,0.10798250410060144,inf,0.0
86,Wheat flour,24.49,50.0,1.0,"Wheat flour, whole-grain (Includes foods for USDA's Food Distribution Program)",0.0,631.0,PUFA 22:5 n-3 (DPA),G,0.48979999999999996,0.48979999999999996,22679.6,0.0010798250410060143,0.0010798250410060143,0.10798250410060144,0.10798250410060144,inf,0.0
87,Wheat flour,24.49,50.0,1.0,"Wheat flour, whole-grain (Includes foods for USDA's Food Distribution Program)",0.0,653.0,SFA 17:0,G,0.48979999999999996,0.48979999999999996,22679.6,0.0010798250410060143,0.0010798250410060143,0.10798250410060144,0.10798250410060144,inf,0.0
88,Wheat flour,24.49,50.0,1.0,"Wheat flour, whole-grain (Includes foods for USDA's Food Distribution Program)",0.0,654.0,SFA 24:0,G,0.48979999999999996,0.48979999999999996,22679.6,0.0010798250410060143,0.0010798250410060143,0.10798250410060144,0.10798250410060144,inf,0.0
89,Wheat flour,24.49,50.0,1.0,"Wheat flour, whole-grain (Includes foods for USDA's Food Distribution Program)",0.0,671.0,MUFA 24:1 c,G,0.48979999999999996,0.48979999999999996,22679.6,0.0010798250410060143,0.0010798250410060143,0.10798250410060144,0.10798250410060144,inf,0.0
90,Wheat flour,24.49,50.0,1.0,"Wheat flour, whole-grain (Includes foods for USDA's Food Distribution Program)",0.0,687.0,MUFA 17:1,G,0.48979999999999996,0.48979999999999996,22679.6,0.0010798250410060143,0.0010798250410060143,0.10798250410060144,0.10798250410060144,inf,0.0
91,Wheat flour,24.49,50.0,1.0,"Wheat flour, whole-grain (Includes foods for USDA's Food Distribution Program)",0.0,697.0,MUFA 15:1,G,0.48979999999999996,0.48979999999999996,22679.6,0.0010798250410060143,0.0010798250410060143,0.10798250410060144,0.10798250410060144,inf,0.0
92,Wheat flour,24.49,50.0,1.0,"Wheat flour, whole-grain (Includes foods for USDA's Food Distribution Program)",0.0,858.0,PUFA 22:4,G,0.48979999999999996,0.48979999999999996,22679.6,0.0010798250410060143,0.0010798250410060143,0.10798250410060144,0.10798250410060144,inf,0.0
93,Wheat flour,24.49,50.0,1.0,"Wheat flour, whole-grain (Includes foods for USDA's Food Distribution Program)",0.0,607.0,SFA 4:0,G,0.48979999999999996,0.48979999999999996,22679.6,0.0010798250410060143,0.0010798250410060143,0.10798250410060144,0.10798250410060144,inf,0.0
94,Wheat flour,24.49,50.0,1.0,"Wheat flour, whole-grain (Includes foods for USDA's Food Distribution Program)",0.0,608.0,SFA 6:0,G,0.48979999999999996,0.48979999999999996,22679.6,0.0010798250410060143,0.0010798250410060143,0.10798250410060144,0.10798250410060144,inf,0.0
95,Wheat flour,24.49,50.0,1.0,"Wheat flour, whole-grain (Includes foods for USDA's Food Distribution Program)",0.0,324.0,"Vitamin D (D2 + D3), International Units",IU,0.48979999999999996,0.48979999999999996,22679.6,0.0010798250410060143,0.0010798250410060143,0.10798250410060144,0.10798250410060144,inf,0.0
96,Wheat flour,24.49,50.0,1.0,"Wheat flour, whole-grain (Includes foods for USDA's Food Distribution Program)",31.2,421.0,"Choline, total",MG,0.48979999999999996,0.48979999999999996,22679.6,0.0010798250410060143,0.0010798250410060143,0.10798250410060144,0.10798250410060144,0.0034609776955320973,288.9356962025316
97,Wheat flour,24.49,50.0,1.0,"Wheat flour, whole-grain (Includes foods for USDA's Food Distribution Program)",0.0,221.0,"Alcohol, ethyl",G,0.48979999999999996,0.48979999999999996,22679.6,0.0010798250410060143,0.0010798250410060143,0.10798250410060144,0.10798250410060144,inf,0.0
98,Wheat flour,24.49,50.0,1.0,"Wheat flour, whole-grain (Includes foods for USDA's Food Distribution Program)",0.0,319.0,Retinol,UG,0.48979999999999996,0.48979999999999996,22679.6,0.0010798250410060143,0.0010798250410060143,0.10798250410060144,0.10798250410060144,inf,0.0
99,Wheat flour,24.49,50.0,1.0,"Wheat flour, whole-grain (Includes foods for USDA's Food Distribution Program)",220.0,338.0,Lutein + zeaxanthin,UG,0.48979999999999996,0.48979999999999996,22679.6,0.0010798250410060143,0.0010798250410060143,0.10798250410060144,0.10798250410060144,0.0004908295640936429,2037.3670886075947
100,Wheat flour,24.49,50.0,1.0,"Wheat flour, whole-grain (Includes foods for USDA's Food Distribution Program)",0.0,262.0,Caffeine,MG,0.48979999999999996,0.48979999999999996,22679.6,0.0010798250410060143,0.0010798250410060143,0.10798250410060144,0.10798250410060144,inf,0.0
101,Wheat flour,24.49,50.0,1.0,"Wheat flour, whole-grain (Includes foods for USDA's Food Distribution Program)",0.0,263.0,Theobromine,MG,0.48979999999999996,0.48979999999999996,22679.6,0.0010798250410060143,0.0010798250410060143,0.10798250410060144,0.10798250410060144,inf,0.0
102,Wheat flour,24.49,50.0,1.0,"Wheat flour, whole-grain (Includes foods for USDA's Food Distribution Program)",0.0,320.0,"Vitamin A, RAE",UG,0.48979999999999996,0.48979999999999996,22679.6,0.0010798250410060143,0.0010798250410060143,0.10798250410060144,0.10798250410060144,inf,0.0
103,Wheat flour,24.49,50.0,1.0,"Wheat flour, whole-grain (Includes foods for USDA's Food Distribution Program)",0.0,322.0,"Carotene, alpha",UG,0.48979999999999996,0.48979999999999996,22679.6,0.0010798250410060143,0.0010798250410060143,0.10798250410060144,0.10798250410060144,inf,0.0
104,Wheat flour,24.49,50.0,1.0,"Wheat flour, whole-grain (Includes foods for USDA's Food Distribution Program)",9.0,318.0,"Vitamin A, IU",IU,0.48979999999999996,0.48979999999999996,22679.6,0.0010798250410060143,0.0010798250410060143,0.10798250410060144,0.10798250410060144,0.011998056011177937,83.34683544303796
105,Wheat flour,24.49,50.0,1.0,"Wheat flour, whole-grain (Includes foods for USDA's Food Distribution Program)",0.0,334.0,"Cryptoxanthin, beta",UG,0.48979999999999996,0.48979999999999996,22679.6,0.0010798250410060143,0.0010798250410060143,0.10798250410060144,0.10798250410060144,inf,0.0
106,Wheat flour,24.49,50.0,1.0,"Wheat flour, whole-grain (Includes foods for USDA's Food Distribution Program)",0.0,337.0,Lycopene,UG,0.48979999999999996,0.48979999999999996,22679.6,0.0010798250410060143,0.0010798250410060143,0.10798250410060144,0.10798250410060144,inf,0.0
107,Wheat flour,24.49,50.0,1.0,"Wheat flour, whole-grain (Includes foods for USDA's Food Distribution Program)",0.0,578.0,"Vitamin B-12, added",UG,0.48979999999999996,0.48979999999999996,22679.6,0.0010798250410060143,0.0010798250410060143,0.10798250410060144,0.10798250410060144,inf,0.0
108,Wheat flour,24.49,50.0,1.0,"Wheat flour, whole-grain (Includes foods for USDA's Food Distribution Program)",0.0,573.0,"Vitamin E, added",MG,0.48979999999999996,0.48979999999999996,22679.6,0.0010798250410060143,0.0010798250410060143,0.10798250410060144,0.10798250410060144,inf,0.0
109,Wheat flour,24.49,50.0,1.0,"Wheat flour, whole-grain (Includes foods for USDA's Food Distribution Program)",0.0,601.0,Cholesterol,MG,0.48979999999999996,0.48979999999999996,22679.6,0.0010798250410060143,0.0010798250410060143,0.10798250410060144,0.10798250410060144,inf,0.0
110,Wheat flour,24.49,50.0,1.0,"Wheat flour, whole-grain (Includes foods for USDA's Food Distribution Program)",44.0,417.0,"Folate, total",UG,0.48979999999999996,0.48979999999999996,22679.6,0.0010798250410060143,0.0010798250410060143,0.10798250410060144,0.10798250410060144,0.0024541478204682145,407.47341772151896
111,Wheat flour,24.49,50.0,1.0,"Wheat flour, whole-grain (Includes foods for USDA's Food Distribution Program)",0.0,418.0,Vitamin B-12,UG,0.48979999999999996,0.48979999999999996,22679.6,0.0010798250410060143,0.0010798250410060143,0.10798250410060144,0.10798250410060144,inf,0.0
112,Wheat flour,24.49,50.0,1.0,"Wheat flour, whole-grain (Includes foods for USDA's Food Distribution Program)",0.0,401.0,"Vitamin C, total ascorbic acid",MG,0.48979999999999996,0.48979999999999996,22679.6,0.0010798250410060143,0.0010798250410060143,0.10798250410060144,0.10798250410060144,inf,0.0
113,Wheat flour,24.49,50.0,1.0,"Wheat flour, whole-grain (Includes foods for USDA's Food Distribution Program)",0.0,328.0,Vitamin D (D2 + D3),UG,0.48979999999999996,0.48979999999999996,22679.6,0.0010798250410060143,0.0010798250410060143,0.10798250410060144,0.10798250410060144,inf,0.0
114,Enriched wheat flour,23.99,50.0,1.0,"Wheat flour, white, all-purpose, enriched, bleached",0.0,607.0,SFA 4:0,G,0.47979999999999995,0.47979999999999995,22679.6,0.0010577787968041763,0.0010577787968041763,0.10577787968041763,0.10577787968041763,inf,0.0
115,Enriched wheat flour,23.99,50.0,1.0,"Wheat flour, white, all-purpose, enriched, bleached",0.0,608.0,SFA 6:0,G,0.47979999999999995,0.47979999999999995,22679.6,0.0010577787968041763,0.0010577787968041763,0.10577787968041763,0.10577787968041763,inf,0.0
116,Enriched wheat flour,23.99,50.0,1.0,"Wheat flour, white, all-purpose, enriched, bleached",0.0,610.0,SFA 10:0,G,0.47979999999999995,0.47979999999999995,22679.6,0.0010577787968041763,0.0010577787968041763,0.10577787968041763,0.10577787968041763,inf,0.0
117,Enriched wheat flour,23.99,50.0,1.0,"Wheat flour, white, all-purpose, enriched, bleached",0.0,620.0,PUFA 20:4,G,0.47979999999999995,0.47979999999999995,22679.6,0.0010577787968041763,0.0010577787968041763,0.10577787968041763,0.10577787968041763,inf,0.0
118,Enriched wheat flour,23.99,50.0,1.0,"Wheat flour, white, all-purpose, enriched, bleached",0.0,627.0,PUFA 18:4,G,0.47979999999999995,0.47979999999999995,22679.6,0.0010577787968041763,0.0010577787968041763,0.10577787968041763,0.10577787968041763,inf,0.0
119,Enriched wheat flour,23.99,50.0,1.0,"Wheat flour, white, all-purpose, enriched, bleached",0.0,628.0,MUFA 20:1,G,0.47979999999999995,0.47979999999999995,22679.6,0.0010577787968041763,0.0010577787968041763,0.10577787968041763,0.10577787968041763,inf,0.0
120,Enriched wheat flour,23.99,50.0,1.0,"Wheat flour, white, all-purpose, enriched, bleached",0.0,630.0,MUFA 22:1,G,0.47979999999999995,0.47979999999999995,22679.6,0.0010577787968041763,0.0010577787968041763,0.10577787968041763,0.10577787968041763,inf,0.0
121,Enriched wheat flour,23.99,50.0,1.0,"Wheat flour, white, all-purpose, enriched, bleached",0.0,609.0,SFA 8:0,G,0.47979999999999995,0.47979999999999995,22679.6,0.0010577787968041763,0.0010577787968041763,0.10577787968041763,0.10577787968041763,inf,0.0
122,Enriched wheat flour,23.99,50.0,1.0,"Wheat flour, white, all-purpose, enriched, bleached",0.0,611.0,SFA 12:0,G,0.47979999999999995,0.47979999999999995,22679.6,0.0010577787968041763,0.0010577787968041763,0.10577787968041763,0.10577787968041763,inf,0.0
123,Enriched wheat flour,23.99,50.0,1.0,"Wheat flour, white, all-purpose, enriched, bleached",0.0,612.0,SFA 14:0,G,0.47979999999999995,0.47979999999999995,22679.6,0.0010577787968041763,0.0010577787968041763,0.10577787968041763,0.10577787968041763,inf,0.0
124,Enriched wheat flour,23.99,50.0,1.0,"Wheat flour, white, all-purpose, enriched, bleached",0.0,621.0,PUFA 22:6 n-3 (DHA),G,0.47979999999999995,0.47979999999999995,22679.6,0.0010577787968041763,0.0010577787968041763,0.10577787968041763,0.10577787968041763,inf,0.0
125,Enriched wheat flour,23.99,50.0,1.0,"Wheat flour, white, all-purpose, enriched, bleached",0.0,626.0,MUFA 16:1,G,0.47979999999999995,0.47979999999999995,22679.6,0.0010577787968041763,0.0010577787968041763,0.10577787968041763,0.10577787968041763,inf,0.0
126,Enriched wheat flour,23.99,50.0,1.0,"Wheat flour, white, all-purpose, enriched, bleached",0.0,629.0,PUFA 20:5 n-3 (EPA),G,0.47979999999999995,0.47979999999999995,22679.6,0.0010577787968041763,0.0010577787968041763,0.10577787968041763,0.10577787968041763,inf,0.0
127,Enriched wheat flour,23.99,50.0,1.0,"Wheat flour, white, all-purpose, enriched, bleached",0.0,631.0,PUFA 22:5 n-3 (DPA),G,0.47979999999999995,0.47979999999999995,22679.6,0.0010577787968041763,0.0010577787968041763,0.10577787968041763,0.10577787968041763,inf,0.0
128,Enriched wheat flour,23.99,50.0,1.0,"Wheat flour, white, all-purpose, enriched, bleached",0.0,324.0,"Vitamin D (D2 + D3), International Units",IU,0.47979999999999995,0.47979999999999995,22679.6,0.0010577787968041763,0.0010577787968041763,0.10577787968041763,0.10577787968041763,inf,0.0
129,Enriched wheat flour,23.99,50.0,1.0,"Wheat flour, white, all-purpose, enriched, bleached",10.4,421.0,"Choline, total",MG,0.47979999999999995,0.47979999999999995,22679.6,0.0010577787968041763,0.0010577787968041763,0.10577787968041763,0.10577787968041763,0.010170949969270926,98.31923301375575
130,Enriched wheat flour,23.99,50.0,1.0,"Wheat flour, white, all-purpose, enriched, bleached",0.0,221.0,"Alcohol, ethyl",G,0.47979999999999995,0.47979999999999995,22679.6,0.0010577787968041763,0.0010577787968041763,0.10577787968041763,0.10577787968041763,inf,0.0
131,Enriched wheat flour,23.99,50.0,1.0,"Wheat flour, white, all-purpose, enriched, bleached",0.0,319.0,Retinol,UG,0.47979999999999995,0.47979999999999995,22679.6,0.0010577787968041763,0.0010577787968041763,0.10577787968041763,0.10577787968041763,inf,0.0
132,Enriched wheat flour,23.99,50.0,1.0,"Wheat flour, white, all-purpose, enriched, bleached",0.0,262.0,Caffeine,MG,0.47979999999999995,0.47979999999999995,22679.6,0.0010577787968041763,0.0010577787968041763,0.10577787968041763,0.10577787968041763,inf,0.0
133,Enriched wheat flour,23.99,50.0,1.0,"Wheat flour, white, all-purpose, enriched, bleached",0.0,263.0,Theobromine,MG,0.47979999999999995,0.47979999999999995,22679.6,0.0010577787968041763,0.0010577787968041763,0.10577787968041763,0.10577787968041763,inf,0.0
134,Enriched wheat flour,23.99,50.0,1.0,"Wheat flour, white, all-purpose, enriched, bleached",291.0,435.0,"Folate, DFE",UG,0.47979999999999995,0.47979999999999995,22679.6,0.0010577787968041763,0.0010577787968041763,0.10577787968041763,0.10577787968041763,0.00036349786831758635,2751.047769904127
135,Enriched wheat flour,23.99,50.0,1.0,"Wheat flour, white, all-purpose, enriched, bleached",70.3,454.0,Betaine,MG,0.47979999999999995,0.47979999999999995,22679.6,0.0010577787968041763,0.0010577787968041763,0.10577787968041763,0.10577787968041763,0.0015046640068338212,664.6002000833681
136,Enriched wheat flour,23.99,50.0,1.0,"Wheat flour, white, all-purpose, enriched, bleached",1523.0,268.0,Energy,kJ,0.47979999999999995,0.47979999999999995,22679.6,0.0010577787968041763,0.0010577787968041763,0.10577787968041763,0.10577787968041763,6.945363078162682e-05,14398.095373072116
137,Enriched wheat flour,23.99,50.0,1.0,"Wheat flour, white, all-purpose, enriched, bleached",0.3,430.0,Vitamin K (phylloquinone),UG,0.47979999999999995,0.47979999999999995,22679.6,0.0010577787968041763,0.0010577787968041763,0.10577787968041763,0.10577787968041763,0.35259293226805877,2.8361317215506463
138,Enriched wheat flour,23.99,50.0,1.0,"Wheat flour, white, all-purpose, enriched, bleached",0.0,573.0,"Vitamin E, added",MG,0.47979999999999995,0.47979999999999995,22679.6,0.0010577787968041763,0.0010577787968041763,0.10577787968041763,0.10577787968041763,inf,0.0
139,Enriched wheat flour,23.99,50.0,1.0,"Wheat flour, white, all-purpose, enriched, bleached",0.0,578.0,"Vitamin B-12, added",UG,0.47979999999999995,0.47979999999999995,22679.6,0.0010577787968041763,0.0010577787968041763,0.10577787968041763,0.10577787968041763,inf,0.0
140,Enriched wheat flour,23.99,50.0,1.0,"Wheat flour, white, all-purpose, enriched, bleached",2.7,291.0,"Fiber, total dietary",G,0.47979999999999995,0.47979999999999995,22679.6,0.0010577787968041763,0.0010577787968041763,0.10577787968041763,0.10577787968041763,0.03917699247422875,25.52518549395582
141,Enriched wheat flour,23.99,50.0,1.0,"Wheat flour, white, all-purpose, enriched, bleached",4.64,303.0,"Iron, Fe",MG,0.47979999999999995,0.47979999999999995,22679.6,0.0010577787968041763,0.0010577787968041763,0.10577787968041763,0.10577787968041763,0.022796956827676216,43.86550395998333
142,Enriched wheat flour,23.99,50.0,1.0,"Wheat flour, white, all-purpose, enriched, bleached",22.0,304.0,"Magnesium, Mg",MG,0.47979999999999995,0.47979999999999995,22679.6,0.0010577787968041763,0.0010577787968041763,0.10577787968041763,0.10577787968041763,0.004808085440018983,207.98299291371407
143,Enriched wheat flour,23.99,50.0,1.0,"Wheat flour, white, all-purpose, enriched, bleached",108.0,305.0,"Phosphorus, P",MG,0.47979999999999995,0.47979999999999995,22679.6,0.0010577787968041763,0.0010577787968041763,0.10577787968041763,0.10577787968041763,0.0009794248118557187,1021.0074197582327
144,Enriched wheat flour,23.99,50.0,1.0,"Wheat flour, white, all-purpose, enriched, bleached",2.0,307.0,"Sodium, Na",MG,0.47979999999999995,0.47979999999999995,22679.6,0.0010577787968041763,0.0010577787968041763,0.10577787968041763,0.10577787968041763,0.052888939840208815,18.907544810337644
145,Enriched wheat flour,23.99,50.0,1.0,"Wheat flour, white, all-purpose, enriched, bleached",0.144,312.0,"Copper, Cu",MG,0.47979999999999995,0.47979999999999995,22679.6,0.0010577787968041763,0.0010577787968041763,0.10577787968041763,0.10577787968041763,0.7345686088917891,1.3613432263443102
146,Enriched wheat flour,23.99,50.0,1.0,"Wheat flour, white, all-purpose, enriched, bleached",0.682,315.0,"Manganese, Mn",MG,0.47979999999999995,0.47979999999999995,22679.6,0.0010577787968041763,0.0010577787968041763,0.10577787968041763,0.10577787968041763,0.15509953032319299,6.447472780325136
147,Enriched wheat flour,23.99,50.0,1.0,"Wheat flour, white, all-purpose, enriched, bleached",10.33,203.0,Protein,G,0.47979999999999995,0.47979999999999995,22679.6,0.0010577787968041763,0.0010577787968041763,0.10577787968041763,0.10577787968041763,0.010239872185906837,97.65746894539393
148,Enriched wheat flour,23.99,50.0,1.0,"Wheat flour, white, all-purpose, enriched, bleached",0.47,207.0,Ash,G,0.47979999999999995,0.47979999999999995,22679.6,0.0010577787968041763,0.0010577787968041763,0.10577787968041763,0.10577787968041763,0.2250593184689737,4.443273030429346
149,Enriched wheat flour,23.99,50.0,1.0,"Wheat flour, white, all-purpose, enriched, bleached",0.0,401.0,"Vitamin C, total ascorbic acid",MG,0.47979999999999995,0.47979999999999995,22679.6,0.0010577787968041763,0.0010577787968041763,0.10577787968041763,0.10577787968041763,inf,0.0
150,Enriched wheat flour,23.99,50.0,1.0,"Wheat flour, white, all-purpose, enriched, bleached",0.785,404.0,Thiamin,MG,0.47979999999999995,0.47979999999999995,22679.6,0.0010577787968041763,0.0010577787968041763,0.10577787968041763,0.10577787968041763,0.13474889131263393,7.4212113380575255
151,Enriched wheat flour,23.99,50.0,1.0,"Wheat flour, white, all-purpose, enriched, bleached",0.494,405.0,Riboflavin,MG,0.47979999999999995,0.47979999999999995,22679.6,0.0010577787968041763,0.0010577787968041763,0.10577787968041763,0.10577787968041763,0.21412526251096686,4.670163568153398
152,Enriched wheat flour,23.99,50.0,1.0,"Wheat flour, white, all-purpose, enriched, bleached",0.0,418.0,Vitamin B-12,UG,0.47979999999999995,0.47979999999999995,22679.6,0.0010577787968041763,0.0010577787968041763,0.10577787968041763,0.10577787968041763,inf,0.0
153,Enriched wheat flour,23.99,50.0,1.0,"Wheat flour, white, all-purpose, enriched, bleached",0.0,601.0,Cholesterol,MG,0.47979999999999995,0.47979999999999995,22679.6,0.0010577787968041763,0.0010577787968041763,0.10577787968041763,0.10577787968041763,inf,0.0
154,Enriched wheat flour,23.99,50.0,1.0,"Wheat flour, white, all-purpose, enriched, bleached",0.155,606.0,"Fatty acids, total saturated",G,0.47979999999999995,0.47979999999999995,22679.6,0.0010577787968041763,0.0010577787968041763,0.10577787968041763,0.10577787968041763,0.6824379334220493,1.4653347228011673
155,Enriched wheat flour,23.99,50.0,1.0,"Wheat flour, white, all-purpose, enriched, bleached",0.127,501.0,Tryptophan,G,0.47979999999999995,0.47979999999999995,22679.6,0.0010577787968041763,0.0010577787968041763,0.10577787968041763,0.10577787968041763,0.8328966903969892,1.2006290954564403
156,Enriched wheat flour,23.99,50.0,1.0,"Wheat flour, white, all-purpose, enriched, bleached",0.281,502.0,Threonine,G,0.47979999999999995,0.47979999999999995,22679.6,0.0010577787968041763,0.0010577787968041763,0.10577787968041763,0.10577787968041763,0.3764337355175004,2.656510045852439
157,Enriched wheat flour,23.99,50.0,1.0,"Wheat flour, white, all-purpose, enriched, bleached",0.183,506.0,Methionine,G,0.47979999999999995,0.47979999999999995,22679.6,0.0010577787968041763,0.0010577787968041763,0.10577787968041763,0.10577787968041763,0.5780212004394406,1.7300403501458943
158,Enriched wheat flour,23.99,50.0,1.0,"Wheat flour, white, all-purpose, enriched, bleached",0.52,508.0,Phenylalanine,G,0.47979999999999995,0.47979999999999995,22679.6,0.0010577787968041763,0.0010577787968041763,0.10577787968041763,0.10577787968041763,0.20341899938541852,4.9159616506877875
159,Enriched wheat flour,23.99,50.0,1.0,"Wheat flour, white, all-purpose, enriched, bleached",0.312,509.0,Tyrosine,G,0.47979999999999995,0.47979999999999995,22679.6,0.0010577787968041763,0.0010577787968041763,0.10577787968041763,0.10577787968041763,0.3390316656423642,2.9495769904126723
160,Enriched wheat flour,23.99,50.0,1.0,"Wheat flour, white, all-purpose, enriched, bleached",0.332,513.0,Alanine,G,0.47979999999999995,0.47979999999999995,22679.6,0.0010577787968041763,0.0010577787968041763,0.10577787968041763,0.10577787968041763,0.3186080713265591,3.138652438516049
161,Enriched wheat flour,23.99,50.0,1.0,"Wheat flour, white, all-purpose, enriched, bleached",3.479,515.0,Glutamic acid,G,0.47979999999999995,0.47979999999999995,22679.6,0.0010577787968041763,0.0010577787968041763,0.10577787968041763,0.10577787968041763,0.030404679413744647,32.88967419758233
162,Enriched wheat flour,23.99,50.0,1.0,"Wheat flour, white, all-purpose, enriched, bleached",0.371,516.0,Glycine,G,0.47979999999999995,0.47979999999999995,22679.6,0.0010577787968041763,0.0010577787968041763,0.10577787968041763,0.10577787968041763,0.2851155786534168,3.507349562317633
163,Enriched wheat flour,23.99,50.0,1.0,"Wheat flour, white, all-purpose, enriched, bleached",1.198,517.0,Proline,G,0.47979999999999995,0.47979999999999995,22679.6,0.0010577787968041763,0.0010577787968041763,0.10577787968041763,0.10577787968041763,0.08829539205377097,11.325619341392247
164,Enriched wheat flour,23.99,50.0,1.0,"Wheat flour, white, all-purpose, enriched, bleached",0.98,204.0,Total lipid (fat),G,0.47979999999999995,0.47979999999999995,22679.6,0.0010577787968041763,0.0010577787968041763,0.10577787968041763,0.10577787968041763,0.1079366119187935,9.264696957065444
165,Enriched wheat flour,23.99,50.0,1.0,"Wheat flour, white, all-purpose, enriched, bleached",76.31,205.0,"Carbohydrate, by difference",G,0.47979999999999995,0.47979999999999995,22679.6,0.0010577787968041763,0.0010577787968041763,0.10577787968041763,0.10577787968041763,0.0013861601320982523,721.4173722384328
166,Enriched wheat flour,23.99,50.0,1.0,"Wheat flour, white, all-purpose, enriched, bleached",364.0,208.0,Energy,KCAL,0.47979999999999995,0.47979999999999995,22679.6,0.0010577787968041763,0.0010577787968041763,0.10577787968041763,0.10577787968041763,0.0002905985705505979,3441.173155481451
167,Enriched wheat flour,23.99,50.0,1.0,"Wheat flour, white, all-purpose, enriched, bleached",11.92,255.0,Water,G,0.47979999999999995,0.47979999999999995,22679.6,0.0010577787968041763,0.0010577787968041763,0.10577787968041763,0.10577787968041763,0.008873983194665909,112.68896706961235
168,Enriched wheat flour,23.99,50.0,1.0,"Wheat flour, white, all-purpose, enriched, bleached",15.0,301.0,"Calcium, Ca",MG,0.47979999999999995,0.47979999999999995,22679.6,0.0010577787968041763,0.0010577787968041763,0.10577787968041763,0.10577787968041763,0.007051858645361175,141.80658607753233
169,Enriched wheat flour,23.99,50.0,1.0,"Wheat flour, white, all-purpose, enriched, bleached",107.0,306.0,"Potassium, K",MG,0.47979999999999995,0.47979999999999995,22679.6,0.0010577787968041763,0.0010577787968041763,0.10577787968041763,0.10577787968041763,0.0009885783147702582,1011.5536473530639
170,Enriched wheat flour,23.99,50.0,1.0,"Wheat flour, white, all-purpose, enriched, bleached",0.7,309.0,"Zinc, Zn",MG,0.47979999999999995,0.47979999999999995,22679.6,0.0010577787968041763,0.0010577787968041763,0.10577787968041763,0.10577787968041763,0.1511112566863109,6.617640683618174
171,Enriched wheat flour,23.99,50.0,1.0,"Wheat flour, white, all-purpose, enriched, bleached",0.357,503.0,Isoleucine,G,0.47979999999999995,0.47979999999999995,22679.6,0.0010577787968041763,0.0010577787968041763,0.10577787968041763,0.10577787968041763,0.29629658173786455,3.374996748645269
172,Enriched wheat flour,23.99,50.0,1.0,"Wheat flour, white, all-purpose, enriched, bleached",0.71,504.0,Leucine,G,0.47979999999999995,0.47979999999999995,22679.6,0.0010577787968041763,0.0010577787968041763,0.10577787968041763,0.10577787968041763,0.14898292912734878,6.712178407669863
173,Enriched wheat flour,23.99,50.0,1.0,"Wheat flour, white, all-purpose, enriched, bleached",0.228,505.0,Lysine,G,0.47979999999999995,0.47979999999999995,22679.6,0.0010577787968041763,0.0010577787968041763,0.10577787968041763,0.10577787968041763,0.46393806877376154,2.1554601083784912
174,Enriched wheat flour,23.99,50.0,1.0,"Wheat flour, white, all-purpose, enriched, bleached",0.219,507.0,Cystine,G,0.47979999999999995,0.47979999999999995,22679.6,0.0010577787968041763,0.0010577787968041763,0.10577787968041763,0.10577787968041763,0.48300401680555993,2.070376156731972
175,Enriched wheat flour,23.99,50.0,1.0,"Wheat flour, white, all-purpose, enriched, bleached",0.415,510.0,Valine,G,0.47979999999999995,0.47979999999999995,22679.6,0.0010577787968041763,0.0010577787968041763,0.10577787968041763,0.10577787968041763,0.2548864570612473,3.9233155481450606
176,Enriched wheat flour,23.99,50.0,1.0,"Wheat flour, white, all-purpose, enriched, bleached",0.417,511.0,Arginine,G,0.47979999999999995,0.47979999999999995,22679.6,0.0010577787968041763,0.0010577787968041763,0.10577787968041763,0.10577787968041763,0.2536639800489632,3.9422230929553983
177,Enriched wheat flour,23.99,50.0,1.0,"Wheat flour, white, all-purpose, enriched, bleached",0.23,512.0,Histidine,G,0.47979999999999995,0.47979999999999995,22679.6,0.0010577787968041763,0.0010577787968041763,0.10577787968041763,0.10577787968041763,0.45990382469746793,2.174367653188829
178,Enriched wheat flour,23.99,50.0,1.0,"Wheat flour, white, all-purpose, enriched, bleached",0.435,514.0,Aspartic acid,G,0.47979999999999995,0.47979999999999995,22679.6,0.0010577787968041763,0.0010577787968041763,0.10577787968041763,0.10577787968041763,0.24316753949521294,4.112390996248437
179,Enriched wheat flour,23.99,50.0,1.0,"Wheat flour, white, all-purpose, enriched, bleached",0.516,518.0,Serine,G,0.47979999999999995,0.47979999999999995,22679.6,0.0010577787968041763,0.0010577787968041763,0.10577787968041763,0.10577787968041763,0.20499589085352254,4.878146561067112
180,Enriched wheat flour,23.99,50.0,1.0,"Wheat flour, white, all-purpose, enriched, bleached",5.904,406.0,Niacin,MG,0.47979999999999995,0.47979999999999995,22679.6,0.0010577787968041763,0.0010577787968041763,0.10577787968041763,0.10577787968041763,0.017916307533946074,55.81507228011672
181,Enriched wheat flour,23.99,50.0,1.0,"Wheat flour, white, all-purpose, enriched, bleached",0.438,410.0,Pantothenic acid,MG,0.47979999999999995,0.47979999999999995,22679.6,0.0010577787968041763,0.0010577787968041763,0.10577787968041763,0.10577787968041763,0.24150200840277997,4.140752313463944
182,Enriched wheat flour,23.99,50.0,1.0,"Wheat flour, white, all-purpose, enriched, bleached",0.044,415.0,Vitamin B-6,MG,0.47979999999999995,0.47979999999999995,22679.6,0.0010577787968041763,0.0010577787968041763,0.10577787968041763,0.10577787968041763,2.4040427200094916,0.4159659858274281
183,Enriched wheat flour,23.99,50.0,1.0,"Wheat flour, white, all-purpose, enriched, bleached",0.087,645.0,"Fatty acids, total monounsaturated",G,0.47979999999999995,0.47979999999999995,22679.6,0.0010577787968041763,0.0010577787968041763,0.10577787968041763,0.10577787968041763,1.2158376974760647,0.8224781992496875
184,Enriched wheat flour,23.99,50.0,1.0,"Wheat flour, white, all-purpose, enriched, bleached",0.413,646.0,"Fatty acids, total polyunsaturated",G,0.47979999999999995,0.47979999999999995,22679.6,0.0010577787968041763,0.0010577787968041763,0.10577787968041763,0.10577787968041763,0.25612077404459477,3.9044080033347233
185,Enriched wheat flour,23.99,50.0,1.0,"Wheat flour, white, all-purpose, enriched, bleached",0.148,613.0,SFA 16:0,G,0.47979999999999995,0.47979999999999995,22679.6,0.0010577787968041763,0.0010577787968041763,0.10577787968041763,0.10577787968041763,0.7147154032460651,1.3991583159649856
186,Enriched wheat flour,23.99,50.0,1.0,"Wheat flour, white, all-purpose, enriched, bleached",0.007,614.0,SFA 18:0,G,0.47979999999999995,0.47979999999999995,22679.6,0.0010577787968041763,0.0010577787968041763,0.10577787968041763,0.10577787968041763,15.11112566863109,0.06617640683618176
187,Enriched wheat flour,23.99,50.0,1.0,"Wheat flour, white, all-purpose, enriched, bleached",0.087,617.0,MUFA 18:1,G,0.47979999999999995,0.47979999999999995,22679.6,0.0010577787968041763,0.0010577787968041763,0.10577787968041763,0.10577787968041763,1.2158376974760647,0.8224781992496875
188,Enriched wheat flour,23.99,50.0,1.0,"Wheat flour, white, all-purpose, enriched, bleached",0.391,618.0,PUFA 18:2,G,0.47979999999999995,0.47979999999999995,22679.6,0.0010577787968041763,0.0010577787968041763,0.10577787968041763,0.10577787968041763,0.27053166158674585,3.6964250104210095
189,Enriched wheat flour,23.99,50.0,1.0,"Wheat flour, white, all-purpose, enriched, bleached",0.022,619.0,PUFA 18:3,G,0.47979999999999995,0.47979999999999995,22679.6,0.0010577787968041763,0.0010577787968041763,0.10577787968041763,0.10577787968041763,4.808085440018983,0.20798299291371405
190,Enriched wheat flour,23.99,50.0,1.0,"Wheat flour, white, all-purpose, enriched, bleached",29.0,432.0,"Folate, food",UG,0.47979999999999995,0.47979999999999995,22679.6,0.0010577787968041763,0.0010577787968041763,0.10577787968041763,0.10577787968041763,0.0036475130924281942,274.15939974989584
191,Enriched wheat flour,23.99,50.0,1.0,"Wheat flour, white, all-purpose, enriched, bleached",183.0,417.0,"Folate, total",UG,0.47979999999999995,0.47979999999999995,22679.6,0.0010577787968041763,0.0010577787968041763,0.10577787968041763,0.10577787968041763,0.0005780212004394406,1730.0403501458943
192,Enriched wheat flour,23.99,50.0,1.0,"Wheat flour, white, all-purpose, enriched, bleached",0.0,334.0,"Cryptoxanthin, beta",UG,0.47979999999999995,0.47979999999999995,22679.6,0.0010577787968041763,0.0010577787968041763,0.10577787968041763,0.10577787968041763,inf,0.0
193,Enriched wheat flour,23.99,50.0,1.0,"Wheat flour, white, all-purpose, enriched, bleached",0.0,337.0,Lycopene,UG,0.47979999999999995,0.47979999999999995,22679.6,0.0010577787968041763,0.0010577787968041763,0.10577787968041763,0.10577787968041763,inf,0.0
194,Enriched wheat flour,23.99,50.0,1.0,"Wheat flour, white, all-purpose, enriched, bleached",0.02,343.0,"Tocopherol, delta",MG,0.47979999999999995,0.47979999999999995,22679.6,0.0010577787968041763,0.0010577787968041763,0.10577787968041763,0.10577787968041763,5.2888939840208815,0.18907544810337643
195,Enriched wheat flour,23.99,50.0,1.0,"Wheat flour, white, all-purpose, enriched, bleached",0.0,346.0,"Tocotrienol, gamma",MG,0.47979999999999995,0.47979999999999995,22679.6,0.0010577787968041763,0.0010577787968041763,0.10577787968041763,0.10577787968041763,inf,0.0
196,Enriched wheat flour,23.99,50.0,1.0,"Wheat flour, white, all-purpose, enriched, bleached",0.0,347.0,"Tocotrienol, delta",MG,0.47979999999999995,0.47979999999999995,22679.6,0.0010577787968041763,0.0010577787968041763,0.10577787968041763,0.10577787968041763,inf,0.0
197,Enriched wheat flour,23.99,50.0,1.0,"Wheat flour, white, all-purpose, enriched, bleached",0.0,320.0,"Vitamin A, RAE",UG,0.47979999999999995,0.47979999999999995,22679.6,0.0010577787968041763,0.0010577787968041763,0.10577787968041763,0.10577787968041763,inf,0.0
198,Enriched wheat flour,23.99,50.0,1.0,"Wheat flour, white, all-purpose, enriched, bleached",0.0,321.0,"Carotene, beta",UG,0.47979999999999995,0.47979999999999995,22679.6,0.0010577787968041763,0.0010577787968041763,0.10577787968041763,0.10577787968041763,inf,0.0
199,Enriched wheat flour,23.99,50.0,1.0,"Wheat flour, white, all-purpose, enriched, bleached",0.0,322.0,"Carotene, alpha",UG,0.47979999999999995,0.47979999999999995,22679.6,0.0010577787968041763,0.0010577787968041763,0.10577787968041763,0.10577787968041763,inf,0.0
200,Enriched wheat flour,23.99,50.0,1.0,"Wheat flour, white, all-purpose, enriched, bleached",0.0,318.0,"Vitamin A, IU",IU,0.47979999999999995,0.47979999999999995,22679.6,0.0010577787968041763,0.0010577787968041763,0.10577787968041763,0.10577787968041763,inf,0.0
201,Enriched wheat flour,23.99,50.0,1.0,"Wheat flour, white, all-purpose, enriched, bleached",154.0,431.0,Folic acid,UG,0.47979999999999995,0.47979999999999995,22679.6,0.0010577787968041763,0.0010577787968041763,0.10577787968041763,0.10577787968041763,0.0006868693485741405,1455.8809503959985
202,Enriched wheat flour,23.99,50.0,1.0,"Wheat flour, white, all-purpose, enriched, bleached",0.06,323.0,Vitamin E (alpha-tocopherol),MG,0.47979999999999995,0.47979999999999995,22679.6,0.0010577787968041763,0.0010577787968041763,0.10577787968041763,0.10577787968041763,1.7629646613402938,0.5672263443101293
203,Enriched wheat flour,23.99,50.0,1.0,"Wheat flour, white, all-purpose, enriched, bleached",0.27,269.0,"Sugars, Total",G,0.47979999999999995,0.47979999999999995,22679.6,0.0010577787968041763,0.0010577787968041763,0.10577787968041763,0.10577787968041763,0.3917699247422875,2.552518549395582
204,Enriched wheat flour,23.99,50.0,1.0,"Wheat flour, white, all-purpose, enriched, bleached",18.0,338.0,Lutein + zeaxanthin,UG,0.47979999999999995,0.47979999999999995,22679.6,0.0010577787968041763,0.0010577787968041763,0.10577787968041763,0.10577787968041763,0.005876548871134313,170.1679032930388
205,Enriched wheat flour,23.99,50.0,1.0,"Wheat flour, white, all-purpose, enriched, bleached",0.07,341.0,"Tocopherol, beta",MG,0.47979999999999995,0.47979999999999995,22679.6,0.0010577787968041763,0.0010577787968041763,0.10577787968041763,0.10577787968041763,1.511112566863109,0.6617640683618176
206,Enriched wheat flour,23.99,50.0,1.0,"Wheat flour, white, all-purpose, enriched, bleached",0.38,342.0,"Tocopherol, gamma",MG,0.47979999999999995,0.47979999999999995,22679.6,0.0010577787968041763,0.0010577787968041763,0.10577787968041763,0.10577787968041763,0.2783628412642569,3.5924335139641523
207,Enriched wheat flour,23.99,50.0,1.0,"Wheat flour, white, all-purpose, enriched, bleached",0.02,344.0,"Tocotrienol, alpha",MG,0.47979999999999995,0.47979999999999995,22679.6,0.0010577787968041763,0.0010577787968041763,0.10577787968041763,0.10577787968041763,5.2888939840208815,0.18907544810337643
208,Enriched wheat flour,23.99,50.0,1.0,"Wheat flour, white, all-purpose, enriched, bleached",0.09,345.0,"Tocotrienol, beta",MG,0.47979999999999995,0.47979999999999995,22679.6,0.0010577787968041763,0.0010577787968041763,0.10577787968041763,0.10577787968041763,1.1753097742268626,0.850839516465194
209,Enriched wheat flour,23.99,50.0,1.0,"Wheat flour, white, all-purpose, enriched, bleached",0.0,328.0,Vitamin D (D2 + D3),UG,0.47979999999999995,0.47979999999999995,22679.6,0.0010577787968041763,0.0010577787968041763,0.10577787968041763,0.10577787968041763,inf,0.0
210,Enriched wheat flour,23.99,50.0,1.0,"Wheat flour, white, all-purpose, enriched, bleached",33.9,317.0,"Selenium, Se",UG,0.47979999999999995,0.47979999999999995,22679.6,0.0010577787968041763,0.0010577787968041763,0.10577787968041763,0.10577787968041763,0.0031202914360005203,320.48288453522304
211,Barley flour,33.18,50.0,1.0,Barley flour or meal,0.0,431.0,Folic acid,UG,0.6636,0.6636,22679.6,0.001462988765233955,0.001462988765233955,0.1462988765233955,0.1462988765233955,inf,0.0
212,Barley flour,33.18,50.0,1.0,Barley flour or meal,0.0,324.0,"Vitamin D (D2 + D3), International Units",IU,0.6636,0.6636,22679.6,0.001462988765233955,0.001462988765233955,0.1462988765233955,0.1462988765233955,inf,0.0
213,Barley flour,33.18,50.0,1.0,Barley flour or meal,37.8,421.0,"Choline, total",MG,0.6636,0.6636,22679.6,0.001462988765233955,0.001462988765233955,0.1462988765233955,0.1462988765233955,0.003870340648767077,258.3751898734177
214,Barley flour,33.18,50.0,1.0,Barley flour or meal,8.0,435.0,"Folate, DFE",UG,0.6636,0.6636,22679.6,0.001462988765233955,0.001462988765233955,0.1462988765233955,0.1462988765233955,0.018287359565424436,54.68257986738999
215,Barley flour,33.18,50.0,1.0,Barley flour or meal,65.5,454.0,Betaine,MG,0.6636,0.6636,22679.6,0.001462988765233955,0.001462988765233955,0.1462988765233955,0.1462988765233955,0.0022335706339449693,447.7136226642555
216,Barley flour,33.18,50.0,1.0,Barley flour or meal,8.0,432.0,"Folate, food",UG,0.6636,0.6636,22679.6,0.001462988765233955,0.001462988765233955,0.1462988765233955,0.1462988765233955,0.018287359565424436,54.68257986738999
217,Barley flour,33.18,50.0,1.0,Barley flour or meal,1443.0,268.0,Energy,kJ,0.6636,0.6636,22679.6,0.001462988765233955,0.001462988765233955,0.1462988765233955,0.1462988765233955,0.00010138522281593589,9863.37034358047
218,Barley flour,33.18,50.0,1.0,Barley flour or meal,2.741,515.0,Glutamic acid,G,0.6636,0.6636,22679.6,0.001462988765233955,0.001462988765233955,0.1462988765233955,0.1462988765233955,0.05337427089507314,18.735618927064497
219,Barley flour,33.18,50.0,1.0,Barley flour or meal,0.356,502.0,Threonine,G,0.6636,0.6636,22679.6,0.001462988765233955,0.001462988765233955,0.1462988765233955,0.1462988765233955,0.41095190034661655,2.4333748040988543
220,Barley flour,33.18,50.0,1.0,Barley flour or meal,1.247,517.0,Proline,G,0.6636,0.6636,22679.6,0.001462988765233955,0.001462988765233955,0.1462988765233955,0.1462988765233955,0.11732067082870527,8.523647136829416
221,Barley flour,33.18,50.0,1.0,Barley flour or meal,0.0,319.0,Retinol,UG,0.6636,0.6636,22679.6,0.001462988765233955,0.001462988765233955,0.1462988765233955,0.1462988765233955,inf,0.0
222,Barley flour,33.18,50.0,1.0,Barley flour or meal,0.0,320.0,"Vitamin A, RAE",UG,0.6636,0.6636,22679.6,0.001462988765233955,0.001462988765233955,0.1462988765233955,0.1462988765233955,inf,0.0
223,Barley flour,33.18,50.0,1.0,Barley flour or meal,0.0,321.0,"Carotene, beta",UG,0.6636,0.6636,22679.6,0.001462988765233955,0.001462988765233955,0.1462988765233955,0.1462988765233955,inf,0.0
224,Barley flour,33.18,50.0,1.0,Barley flour or meal,0.0,322.0,"Carotene, alpha",UG,0.6636,0.6636,22679.6,0.001462988765233955,0.001462988765233955,0.1462988765233955,0.1462988765233955,inf,0.0
225,Barley flour,33.18,50.0,1.0,Barley flour or meal,2.2,430.0,Vitamin K (phylloquinone),UG,0.6636,0.6636,22679.6,0.001462988765233955,0.001462988765233955,0.1462988765233955,0.1462988765233955,0.06649948932881612,15.037709463532249
226,Barley flour,33.18,50.0,1.0,Barley flour or meal,0.0,334.0,"Cryptoxanthin, beta",UG,0.6636,0.6636,22679.6,0.001462988765233955,0.001462988765233955,0.1462988765233955,0.1462988765233955,inf,0.0
227,Barley flour,33.18,50.0,1.0,Barley flour or meal,0.0,337.0,Lycopene,UG,0.6636,0.6636,22679.6,0.001462988765233955,0.001462988765233955,0.1462988765233955,0.1462988765233955,inf,0.0
228,Barley flour,33.18,50.0,1.0,Barley flour or meal,0.0,609.0,SFA 8:0,G,0.6636,0.6636,22679.6,0.001462988765233955,0.001462988765233955,0.1462988765233955,0.1462988765233955,inf,0.0
229,Barley flour,33.18,50.0,1.0,Barley flour or meal,0.0,621.0,PUFA 22:6 n-3 (DHA),G,0.6636,0.6636,22679.6,0.001462988765233955,0.001462988765233955,0.1462988765233955,0.1462988765233955,inf,0.0
230,Barley flour,33.18,50.0,1.0,Barley flour or meal,0.0,629.0,PUFA 20:5 n-3 (EPA),G,0.6636,0.6636,22679.6,0.001462988765233955,0.001462988765233955,0.1462988765233955,0.1462988765233955,inf,0.0
231,Barley flour,33.18,50.0,1.0,Barley flour or meal,0.0,631.0,PUFA 22:5 n-3 (DPA),G,0.6636,0.6636,22679.6,0.001462988765233955,0.001462988765233955,0.1462988765233955,0.1462988765233955,inf,0.0
232,Barley flour,33.18,50.0,1.0,Barley flour or meal,0.0,221.0,"Alcohol, ethyl",G,0.6636,0.6636,22679.6,0.001462988765233955,0.001462988765233955,0.1462988765233955,0.1462988765233955,inf,0.0
233,Barley flour,33.18,50.0,1.0,Barley flour or meal,0.0,318.0,"Vitamin A, IU",IU,0.6636,0.6636,22679.6,0.001462988765233955,0.001462988765233955,0.1462988765233955,0.1462988765233955,inf,0.0
234,Barley flour,33.18,50.0,1.0,Barley flour or meal,0.57,323.0,Vitamin E (alpha-tocopherol),MG,0.6636,0.6636,22679.6,0.001462988765233955,0.001462988765233955,0.1462988765233955,0.1462988765233955,0.2566646956550798,3.8961338155515364
235,Barley flour,33.18,50.0,1.0,Barley flour or meal,160.0,338.0,Lutein + zeaxanthin,UG,0.6636,0.6636,22679.6,0.001462988765233955,0.001462988765233955,0.1462988765233955,0.1462988765233955,0.0009143679782712218,1093.6515973477997
236,Barley flour,33.18,50.0,1.0,Barley flour or meal,0.0,607.0,SFA 4:0,G,0.6636,0.6636,22679.6,0.001462988765233955,0.001462988765233955,0.1462988765233955,0.1462988765233955,inf,0.0
237,Barley flour,33.18,50.0,1.0,Barley flour or meal,0.0,608.0,SFA 6:0,G,0.6636,0.6636,22679.6,0.001462988765233955,0.001462988765233955,0.1462988765233955,0.1462988765233955,inf,0.0
238,Barley flour,33.18,50.0,1.0,Barley flour or meal,0.0,610.0,SFA 10:0,G,0.6636,0.6636,22679.6,0.001462988765233955,0.001462988765233955,0.1462988765233955,0.1462988765233955,inf,0.0
239,Barley flour,33.18,50.0,1.0,Barley flour or meal,0.0,620.0,PUFA 20:4,G,0.6636,0.6636,22679.6,0.001462988765233955,0.001462988765233955,0.1462988765233955,0.1462988765233955,inf,0.0
240,Barley flour,33.18,50.0,1.0,Barley flour or meal,0.0,627.0,PUFA 18:4,G,0.6636,0.6636,22679.6,0.001462988765233955,0.001462988765233955,0.1462988765233955,0.1462988765233955,inf,0.0
241,Barley flour,33.18,50.0,1.0,Barley flour or meal,0.0,628.0,MUFA 20:1,G,0.6636,0.6636,22679.6,0.001462988765233955,0.001462988765233955,0.1462988765233955,0.1462988765233955,inf,0.0
242,Barley flour,33.18,50.0,1.0,Barley flour or meal,0.0,630.0,MUFA 22:1,G,0.6636,0.6636,22679.6,0.001462988765233955,0.001462988765233955,0.1462988765233955,0.1462988765233955,inf,0.0
243,Barley flour,33.18,50.0,1.0,Barley flour or meal,37.7,317.0,"Selenium, Se",UG,0.6636,0.6636,22679.6,0.001462988765233955,0.001462988765233955,0.1462988765233955,0.1462988765233955,0.0038806068043340976,257.6916576250753
244,Barley flour,33.18,50.0,1.0,Barley flour or meal,0.0,262.0,Caffeine,MG,0.6636,0.6636,22679.6,0.001462988765233955,0.001462988765233955,0.1462988765233955,0.1462988765233955,inf,0.0
245,Barley flour,33.18,50.0,1.0,Barley flour or meal,0.0,263.0,Theobromine,MG,0.6636,0.6636,22679.6,0.001462988765233955,0.001462988765233955,0.1462988765233955,0.1462988765233955,inf,0.0
246,Barley flour,33.18,50.0,1.0,Barley flour or meal,0.8,269.0,"Sugars, Total",G,0.6636,0.6636,22679.6,0.001462988765233955,0.001462988765233955,0.1462988765233955,0.1462988765233955,0.18287359565424435,5.468257986738999
247,Barley flour,33.18,50.0,1.0,Barley flour or meal,0.0,573.0,"Vitamin E, added",MG,0.6636,0.6636,22679.6,0.001462988765233955,0.001462988765233955,0.1462988765233955,0.1462988765233955,inf,0.0
248,Barley flour,33.18,50.0,1.0,Barley flour or meal,0.0,578.0,"Vitamin B-12, added",UG,0.6636,0.6636,22679.6,0.001462988765233955,0.001462988765233955,0.1462988765233955,0.1462988765233955,inf,0.0
249,Barley flour,33.18,50.0,1.0,Barley flour or meal,0.0,601.0,Cholesterol,MG,0.6636,0.6636,22679.6,0.001462988765233955,0.001462988765233955,0.1462988765233955,0.1462988765233955,inf,0.0
250,Barley flour,33.18,50.0,1.0,Barley flour or meal,0.335,606.0,"Fatty acids, total saturated",G,0.6636,0.6636,22679.6,0.001462988765233955,0.001462988765233955,0.1462988765233955,0.1462988765233955,0.43671306424894174,2.289833031946956
251,Barley flour,33.18,50.0,1.0,Barley flour or meal,0.004,626.0,MUFA 16:1,G,0.6636,0.6636,22679.6,0.001462988765233955,0.001462988765233955,0.1462988765233955,0.1462988765233955,36.57471913084887,0.027341289933694994
252,Barley flour,33.18,50.0,1.0,Barley flour or meal,0.004,611.0,SFA 12:0,G,0.6636,0.6636,22679.6,0.001462988765233955,0.001462988765233955,0.1462988765233955,0.1462988765233955,36.57471913084887,0.027341289933694994
253,Barley flour,33.18,50.0,1.0,Barley flour or meal,0.008,612.0,SFA 14:0,G,0.6636,0.6636,22679.6,0.001462988765233955,0.001462988765233955,0.1462988765233955,0.1462988765233955,18.287359565424435,0.05468257986738999
254,Barley flour,33.18,50.0,1.0,Barley flour or meal,0.202,506.0,Methionine,G,0.6636,0.6636,22679.6,0.001462988765233955,0.001462988765233955,0.1462988765233955,0.1462988765233955,0.7242518639772053,1.3807351416515974
255,Barley flour,33.18,50.0,1.0,Barley flour or meal,0.589,508.0,Phenylalanine,G,0.6636,0.6636,22679.6,0.001462988765233955,0.001462988765233955,0.1462988765233955,0.1462988765233955,0.24838518934362563,4.026004942736588
256,Barley flour,33.18,50.0,1.0,Barley flour or meal,0.301,509.0,Tyrosine,G,0.6636,0.6636,22679.6,0.001462988765233955,0.001462988765233955,0.1462988765233955,0.1462988765233955,0.48604277914749333,2.057432067510548
257,Barley flour,33.18,50.0,1.0,Barley flour or meal,0.409,513.0,Alanine,G,0.6636,0.6636,22679.6,0.001462988765233955,0.001462988765233955,0.1462988765233955,0.1462988765233955,0.357698964604879,2.795646895720313
258,Barley flour,33.18,50.0,1.0,Barley flour or meal,0.38,516.0,Glycine,G,0.6636,0.6636,22679.6,0.001462988765233955,0.001462988765233955,0.1462988765233955,0.1462988765233955,0.3849970434826197,2.5974225437010245
259,Barley flour,33.18,50.0,1.0,Barley flour or meal,0.175,501.0,Tryptophan,G,0.6636,0.6636,22679.6,0.001462988765233955,0.001462988765233955,0.1462988765233955,0.1462988765233955,0.8359935801336885,1.196181434599156
260,Barley flour,33.18,50.0,1.0,Barley flour or meal,0.0,401.0,"Vitamin C, total ascorbic acid",MG,0.6636,0.6636,22679.6,0.001462988765233955,0.001462988765233955,0.1462988765233955,0.1462988765233955,inf,0.0
261,Barley flour,33.18,50.0,1.0,Barley flour or meal,0.37,404.0,Thiamin,MG,0.6636,0.6636,22679.6,0.001462988765233955,0.001462988765233955,0.1462988765233955,0.1462988765233955,0.39540236898215,2.529069318866787
262,Barley flour,33.18,50.0,1.0,Barley flour or meal,0.114,405.0,Riboflavin,MG,0.6636,0.6636,22679.6,0.001462988765233955,0.001462988765233955,0.1462988765233955,0.1462988765233955,1.283323478275399,0.7792267631103074
263,Barley flour,33.18,50.0,1.0,Barley flour or meal,8.0,417.0,"Folate, total",UG,0.6636,0.6636,22679.6,0.001462988765233955,0.001462988765233955,0.1462988765233955,0.1462988765233955,0.018287359565424436,54.68257986738999
264,Barley flour,33.18,50.0,1.0,Barley flour or meal,0.0,418.0,Vitamin B-12,UG,0.6636,0.6636,22679.6,0.001462988765233955,0.001462988765233955,0.1462988765233955,0.1462988765233955,inf,0.0
265,Barley flour,33.18,50.0,1.0,Barley flour or meal,10.1,291.0,"Fiber, total dietary",G,0.6636,0.6636,22679.6,0.001462988765233955,0.001462988765233955,0.1462988765233955,0.1462988765233955,0.014485037279544108,69.03675708257985
266,Barley flour,33.18,50.0,1.0,Barley flour or meal,2.68,303.0,"Iron, Fe",MG,0.6636,0.6636,22679.6,0.001462988765233955,0.001462988765233955,0.1462988765233955,0.1462988765233955,0.05458913303111772,18.318664255575648
267,Barley flour,33.18,50.0,1.0,Barley flour or meal,96.0,304.0,"Magnesium, Mg",MG,0.6636,0.6636,22679.6,0.001462988765233955,0.001462988765233955,0.1462988765233955,0.1462988765233955,0.0015239466304520363,656.1909584086799
268,Barley flour,33.18,50.0,1.0,Barley flour or meal,296.0,305.0,"Phosphorus, P",MG,0.6636,0.6636,22679.6,0.001462988765233955,0.001462988765233955,0.1462988765233955,0.1462988765233955,0.0004942529612276874,2023.2554550934296
269,Barley flour,33.18,50.0,1.0,Barley flour or meal,4.0,307.0,"Sodium, Na",MG,0.6636,0.6636,22679.6,0.001462988765233955,0.001462988765233955,0.1462988765233955,0.1462988765233955,0.03657471913084887,27.341289933694995
270,Barley flour,33.18,50.0,1.0,Barley flour or meal,0.343,312.0,"Copper, Cu",MG,0.6636,0.6636,22679.6,0.001462988765233955,0.001462988765233955,0.1462988765233955,0.1462988765233955,0.4265273368029023,2.3445156118143458
271,Barley flour,33.18,50.0,1.0,Barley flour or meal,1.034,315.0,"Manganese, Mn",MG,0.6636,0.6636,22679.6,0.001462988765233955,0.001462988765233955,0.1462988765233955,0.1462988765233955,0.14148827516769388,7.067723447860156
272,Barley flour,33.18,50.0,1.0,Barley flour or meal,10.5,203.0,Protein,G,0.6636,0.6636,22679.6,0.001462988765233955,0.001462988765233955,0.1462988765233955,0.1462988765233955,0.013933226335561474,71.77088607594936
273,Barley flour,33.18,50.0,1.0,Barley flour or meal,1.28,207.0,Ash,G,0.6636,0.6636,22679.6,0.001462988765233955,0.001462988765233955,0.1462988765233955,0.1462988765233955,0.11429599728390272,8.749212778782399
274,Barley flour,33.18,50.0,1.0,Barley flour or meal,0.286,613.0,SFA 16:0,G,0.6636,0.6636,22679.6,0.001462988765233955,0.001462988765233955,0.1462988765233955,0.1462988765233955,0.5115345332985857,1.9549022302591919
275,Barley flour,33.18,50.0,1.0,Barley flour or meal,0.012,614.0,SFA 18:0,G,0.6636,0.6636,22679.6,0.001462988765233955,0.001462988765233955,0.1462988765233955,0.1462988765233955,12.191573043616291,0.08202386980108499
276,Barley flour,33.18,50.0,1.0,Barley flour or meal,0.168,617.0,MUFA 18:1,G,0.6636,0.6636,22679.6,0.001462988765233955,0.001462988765233955,0.1462988765233955,0.1462988765233955,0.8708266459725922,1.1483341772151898
277,Barley flour,33.18,50.0,1.0,Barley flour or meal,0.695,618.0,PUFA 18:2,G,0.6636,0.6636,22679.6,0.001462988765233955,0.001462988765233955,0.1462988765233955,0.1462988765233955,0.21050198060920217,4.7505491259795045
278,Barley flour,33.18,50.0,1.0,Barley flour or meal,0.077,619.0,PUFA 18:3,G,0.6636,0.6636,22679.6,0.001462988765233955,0.001462988765233955,0.1462988765233955,0.1462988765233955,1.8999854093947466,0.5263198312236287
279,Barley flour,33.18,50.0,1.0,Barley flour or meal,6.269,406.0,Niacin,MG,0.6636,0.6636,22679.6,0.001462988765233955,0.001462988765233955,0.1462988765233955,0.1462988765233955,0.023336876140276835,42.85063664858348
280,Barley flour,33.18,50.0,1.0,Barley flour or meal,0.145,410.0,Pantothenic acid,MG,0.6636,0.6636,22679.6,0.001462988765233955,0.001462988765233955,0.1462988765233955,0.1462988765233955,1.0089577691268654,0.9911217600964435
281,Barley flour,33.18,50.0,1.0,Barley flour or meal,0.396,415.0,Vitamin B-6,MG,0.6636,0.6636,22679.6,0.001462988765233955,0.001462988765233955,0.1462988765233955,0.1462988765233955,0.3694416073823118,2.7067877034358045
282,Barley flour,33.18,50.0,1.0,Barley flour or meal,0.383,503.0,Isoleucine,G,0.6636,0.6636,22679.6,0.001462988765233955,0.001462988765233955,0.1462988765233955,0.1462988765233955,0.38198140084437465,2.6179285111512955
283,Barley flour,33.18,50.0,1.0,Barley flour or meal,0.713,504.0,Leucine,G,0.6636,0.6636,22679.6,0.001462988765233955,0.001462988765233955,0.1462988765233955,0.1462988765233955,0.2051877651099516,4.873584930681132
284,Barley flour,33.18,50.0,1.0,Barley flour or meal,0.391,505.0,Lysine,G,0.6636,0.6636,22679.6,0.001462988765233955,0.001462988765233955,0.1462988765233955,0.1462988765233955,0.37416592461226467,2.6726110910186858
285,Barley flour,33.18,50.0,1.0,Barley flour or meal,0.232,507.0,Cystine,G,0.6636,0.6636,22679.6,0.001462988765233955,0.001462988765233955,0.1462988765233955,0.1462988765233955,0.6305986057042908,1.5857948161543098
286,Barley flour,33.18,50.0,1.0,Barley flour or meal,0.515,510.0,Valine,G,0.6636,0.6636,22679.6,0.001462988765233955,0.001462988765233955,0.1462988765233955,0.1462988765233955,0.2840754883949427,3.5201910789632307
287,Barley flour,33.18,50.0,1.0,Barley flour or meal,0.526,511.0,Arginine,G,0.6636,0.6636,22679.6,0.001462988765233955,0.001462988765233955,0.1462988765233955,0.1462988765233955,0.27813474624219675,3.595379626280892
288,Barley flour,33.18,50.0,1.0,Barley flour or meal,0.236,512.0,Histidine,G,0.6636,0.6636,22679.6,0.001462988765233955,0.001462988765233955,0.1462988765233955,0.1462988765233955,0.6199104937432013,1.6131361060880045
289,Barley flour,33.18,50.0,1.0,Barley flour or meal,0.655,514.0,Aspartic acid,G,0.6636,0.6636,22679.6,0.001462988765233955,0.001462988765233955,0.1462988765233955,0.1462988765233955,0.22335706339449693,4.477136226642555
290,Barley flour,33.18,50.0,1.0,Barley flour or meal,0.443,518.0,Serine,G,0.6636,0.6636,22679.6,0.001462988765233955,0.001462988765233955,0.1462988765233955,0.1462988765233955,0.33024577093317264,3.0280478601567204
291,Barley flour,33.18,50.0,1.0,Barley flour or meal,0.205,645.0,"Fatty acids, total monounsaturated",G,0.6636,0.6636,22679.6,0.001462988765233955,0.001462988765233955,0.1462988765233955,0.1462988765233955,0.7136530562116854,1.4012411091018684
292,Barley flour,33.18,50.0,1.0,Barley flour or meal,0.771,646.0,"Fatty acids, total polyunsaturated",G,0.6636,0.6636,22679.6,0.001462988765233955,0.001462988765233955,0.1462988765233955,0.1462988765233955,0.1897521096282691,5.27003363471971
293,Barley flour,33.18,50.0,1.0,Barley flour or meal,32.0,301.0,"Calcium, Ca",MG,0.6636,0.6636,22679.6,0.001462988765233955,0.001462988765233955,0.1462988765233955,0.1462988765233955,0.004571839891356109,218.73031946955996
294,Barley flour,33.18,50.0,1.0,Barley flour or meal,309.0,306.0,"Potassium, K",MG,0.6636,0.6636,22679.6,0.001462988765233955,0.001462988765233955,0.1462988765233955,0.1462988765233955,0.00047345914732490447,2112.114647377938
295,Barley flour,33.18,50.0,1.0,Barley flour or meal,2.0,309.0,"Zinc, Zn",MG,0.6636,0.6636,22679.6,0.001462988765233955,0.001462988765233955,0.1462988765233955,0.1462988765233955,0.07314943826169774,13.670644966847497
296,Barley flour,33.18,50.0,1.0,Barley flour or meal,1.6,204.0,Total lipid (fat),G,0.6636,0.6636,22679.6,0.001462988765233955,0.001462988765233955,0.1462988765233955,0.1462988765233955,0.09143679782712218,10.936515973477999
297,Barley flour,33.18,50.0,1.0,Barley flour or meal,74.52,205.0,"Carbohydrate, by difference",G,0.6636,0.6636,22679.6,0.001462988765233955,0.001462988765233955,0.1462988765233955,0.1462988765233955,0.0019632162711137346,509.36823146473773
298,Barley flour,33.18,50.0,1.0,Barley flour or meal,345.0,208.0,Energy,KCAL,0.6636,0.6636,22679.6,0.001462988765233955,0.001462988765233955,0.1462988765233955,0.1462988765233955,0.00042405471456056663,2358.186256781193
299,Barley flour,33.18,50.0,1.0,Barley flour or meal,12.11,255.0,Water,G,0.6636,0.6636,22679.6,0.001462988765233955,0.001462988765233955,0.1462988765233955,0.1462988765233955,0.012080832082856771,82.7757552742616
300,Barley flour,33.18,50.0,1.0,Barley flour or meal,0.0,328.0,Vitamin D (D2 + D3),UG,0.6636,0.6636,22679.6,0.001462988765233955,0.001462988765233955,0.1462988765233955,0.1462988765233955,inf,0.0
301,Corn flour,22.99,50.0,1.0,"Corn flour, whole-grain, yellow",0.0,431.0,Folic acid,UG,0.4598,0.4598,22679.6,0.0010136863084005009,0.0010136863084005009,0.10136863084005009,0.10136863084005009,inf,0.0
302,Corn flour,22.99,50.0,1.0,"Corn flour, whole-grain, yellow",1510.0,268.0,Energy,kJ,0.4598,0.4598,22679.6,0.0010136863084005009,0.0010136863084005009,0.10136863084005009,0.10136863084005009,6.713154360268217e-05,14896.127011744236
303,Corn flour,22.99,50.0,1.0,"Corn flour, whole-grain, yellow",11.0,320.0,"Vitamin A, RAE",UG,0.4598,0.4598,22679.6,0.0010136863084005009,0.0010136863084005009,0.10136863084005009,0.10136863084005009,0.00921533007636819,108.51483253588518
304,Corn flour,22.99,50.0,1.0,"Corn flour, whole-grain, yellow",214.0,318.0,"Vitamin A, IU",IU,0.4598,0.4598,22679.6,0.0010136863084005009,0.0010136863084005009,0.10136863084005009,0.10136863084005009,0.0004736851908413555,2111.106742061766
305,Corn flour,22.99,50.0,1.0,"Corn flour, whole-grain, yellow",25.0,432.0,"Folate, food",UG,0.4598,0.4598,22679.6,0.0010136863084005009,0.0010136863084005009,0.10136863084005009,0.10136863084005009,0.004054745233602003,246.62461939973903
306,Corn flour,22.99,50.0,1.0,"Corn flour, whole-grain, yellow",25.0,435.0,"Folate, DFE",UG,0.4598,0.4598,22679.6,0.0010136863084005009,0.0010136863084005009,0.10136863084005009,0.10136863084005009,0.004054745233602003,246.62461939973903
307,Corn flour,22.99,50.0,1.0,"Corn flour, whole-grain, yellow",21.6,421.0,"Choline, total",MG,0.4598,0.4598,22679.6,0.0010136863084005009,0.0010136863084005009,0.10136863084005009,0.10136863084005009,0.004692992168520837,213.08367116137453
308,Corn flour,22.99,50.0,1.0,"Corn flour, whole-grain, yellow",0.0,620.0,PUFA 20:4,G,0.4598,0.4598,22679.6,0.0010136863084005009,0.0010136863084005009,0.10136863084005009,0.10136863084005009,inf,0.0
309,Corn flour,22.99,50.0,1.0,"Corn flour, whole-grain, yellow",0.0,627.0,PUFA 18:4,G,0.4598,0.4598,22679.6,0.0010136863084005009,0.0010136863084005009,0.10136863084005009,0.10136863084005009,inf,0.0
310,Corn flour,22.99,50.0,1.0,"Corn flour, whole-grain, yellow",0.0,628.0,MUFA 20:1,G,0.4598,0.4598,22679.6,0.0010136863084005009,0.0010136863084005009,0.10136863084005009,0.10136863084005009,inf,0.0
311,Corn flour,22.99,50.0,1.0,"Corn flour, whole-grain, yellow",0.0,630.0,MUFA 22:1,G,0.4598,0.4598,22679.6,0.0010136863084005009,0.0010136863084005009,0.10136863084005009,0.10136863084005009,inf,0.0
312,Corn flour,22.99,50.0,1.0,"Corn flour, whole-grain, yellow",0.0,607.0,SFA 4:0,G,0.4598,0.4598,22679.6,0.0010136863084005009,0.0010136863084005009,0.10136863084005009,0.10136863084005009,inf,0.0
313,Corn flour,22.99,50.0,1.0,"Corn flour, whole-grain, yellow",0.0,608.0,SFA 6:0,G,0.4598,0.4598,22679.6,0.0010136863084005009,0.0010136863084005009,0.10136863084005009,0.10136863084005009,inf,0.0
314,Corn flour,22.99,50.0,1.0,"Corn flour, whole-grain, yellow",0.0,610.0,SFA 10:0,G,0.4598,0.4598,22679.6,0.0010136863084005009,0.0010136863084005009,0.10136863084005009,0.10136863084005009,inf,0.0
315,Corn flour,22.99,50.0,1.0,"Corn flour, whole-grain, yellow",0.0,609.0,SFA 8:0,G,0.4598,0.4598,22679.6,0.0010136863084005009,0.0010136863084005009,0.10136863084005009,0.10136863084005009,inf,0.0
316,Corn flour,22.99,50.0,1.0,"Corn flour, whole-grain, yellow",0.0,611.0,SFA 12:0,G,0.4598,0.4598,22679.6,0.0010136863084005009,0.0010136863084005009,0.10136863084005009,0.10136863084005009,inf,0.0
317,Corn flour,22.99,50.0,1.0,"Corn flour, whole-grain, yellow",0.0,612.0,SFA 14:0,G,0.4598,0.4598,22679.6,0.0010136863084005009,0.0010136863084005009,0.10136863084005009,0.10136863084005009,inf,0.0
318,Corn flour,22.99,50.0,1.0,"Corn flour, whole-grain, yellow",0.0,621.0,PUFA 22:6 n-3 (DHA),G,0.4598,0.4598,22679.6,0.0010136863084005009,0.0010136863084005009,0.10136863084005009,0.10136863084005009,inf,0.0
319,Corn flour,22.99,50.0,1.0,"Corn flour, whole-grain, yellow",0.0,629.0,PUFA 20:5 n-3 (EPA),G,0.4598,0.4598,22679.6,0.0010136863084005009,0.0010136863084005009,0.10136863084005009,0.10136863084005009,inf,0.0
320,Corn flour,22.99,50.0,1.0,"Corn flour, whole-grain, yellow",0.0,631.0,PUFA 22:5 n-3 (DPA),G,0.4598,0.4598,22679.6,0.0010136863084005009,0.0010136863084005009,0.10136863084005009,0.10136863084005009,inf,0.0
321,Corn flour,22.99,50.0,1.0,"Corn flour, whole-grain, yellow",0.0,324.0,"Vitamin D (D2 + D3), International Units",IU,0.4598,0.4598,22679.6,0.0010136863084005009,0.0010136863084005009,0.10136863084005009,0.10136863084005009,inf,0.0
322,Corn flour,22.99,50.0,1.0,"Corn flour, whole-grain, yellow",0.0,221.0,"Alcohol, ethyl",G,0.4598,0.4598,22679.6,0.0010136863084005009,0.0010136863084005009,0.10136863084005009,0.10136863084005009,inf,0.0
323,Corn flour,22.99,50.0,1.0,"Corn flour, whole-grain, yellow",7.3,291.0,"Fiber, total dietary",G,0.4598,0.4598,22679.6,0.0010136863084005009,0.0010136863084005009,0.10136863084005009,0.10136863084005009,0.013886113813705492,72.0143888647238
324,Corn flour,22.99,50.0,1.0,"Corn flour, whole-grain, yellow",0.0,319.0,Retinol,UG,0.4598,0.4598,22679.6,0.0010136863084005009,0.0010136863084005009,0.10136863084005009,0.10136863084005009,inf,0.0
325,Corn flour,22.99,50.0,1.0,"Corn flour, whole-grain, yellow",0.0,578.0,"Vitamin B-12, added",UG,0.4598,0.4598,22679.6,0.0010136863084005009,0.0010136863084005009,0.10136863084005009,0.10136863084005009,inf,0.0
326,Corn flour,22.99,50.0,1.0,"Corn flour, whole-grain, yellow",0.0,573.0,"Vitamin E, added",MG,0.4598,0.4598,22679.6,0.0010136863084005009,0.0010136863084005009,0.10136863084005009,0.10136863084005009,inf,0.0
327,Corn flour,22.99,50.0,1.0,"Corn flour, whole-grain, yellow",3.86,204.0,Total lipid (fat),G,0.4598,0.4598,22679.6,0.0010136863084005009,0.0010136863084005009,0.10136863084005009,0.10136863084005009,0.02626130332643785,38.07884123531971
328,Corn flour,22.99,50.0,1.0,"Corn flour, whole-grain, yellow",76.85,205.0,"Carbohydrate, by difference",G,0.4598,0.4598,22679.6,0.0010136863084005009,0.0010136863084005009,0.10136863084005009,0.10136863084005009,0.0013190452939499037,758.1240800347977
329,Corn flour,22.99,50.0,1.0,"Corn flour, whole-grain, yellow",361.0,208.0,Energy,KCAL,0.4598,0.4598,22679.6,0.0010136863084005009,0.0010136863084005009,0.10136863084005009,0.10136863084005009,0.0002807995314128811,3561.2595041322315
330,Corn flour,22.99,50.0,1.0,"Corn flour, whole-grain, yellow",10.91,255.0,Water,G,0.4598,0.4598,22679.6,0.0010136863084005009,0.0010136863084005009,0.10136863084005009,0.10136863084005009,0.009291350214486717,107.6269839060461
331,Corn flour,22.99,50.0,1.0,"Corn flour, whole-grain, yellow",7.0,301.0,"Calcium, Ca",MG,0.4598,0.4598,22679.6,0.0010136863084005009,0.0010136863084005009,0.10136863084005009,0.10136863084005009,0.014481232977150012,69.05489343192693
332,Corn flour,22.99,50.0,1.0,"Corn flour, whole-grain, yellow",315.0,306.0,"Potassium, K",MG,0.4598,0.4598,22679.6,0.0010136863084005009,0.0010136863084005009,0.10136863084005009,0.10136863084005009,0.00032180517727000026,3107.470204436712
333,Corn flour,22.99,50.0,1.0,"Corn flour, whole-grain, yellow",1.73,309.0,"Zinc, Zn",MG,0.4598,0.4598,22679.6,0.0010136863084005009,0.0010136863084005009,0.10136863084005009,0.10136863084005009,0.05859458430060699,17.06642366246194
334,Corn flour,22.99,50.0,1.0,"Corn flour, whole-grain, yellow",1.9,406.0,Niacin,MG,0.4598,0.4598,22679.6,0.0010136863084005009,0.0010136863084005009,0.10136863084005009,0.10136863084005009,0.053351910968447415,18.743471074380164
335,Corn flour,22.99,50.0,1.0,"Corn flour, whole-grain, yellow",0.658,410.0,Pantothenic acid,MG,0.4598,0.4598,22679.6,0.0010136863084005009,0.0010136863084005009,0.10136863084005009,0.10136863084005009,0.15405566996968098,6.491159982601132
336,Corn flour,22.99,50.0,1.0,"Corn flour, whole-grain, yellow",0.37,415.0,Vitamin B-6,MG,0.4598,0.4598,22679.6,0.0010136863084005009,0.0010136863084005009,0.10136863084005009,0.10136863084005009,0.27396927254067593,3.6500443671161373
337,Corn flour,22.99,50.0,1.0,"Corn flour, whole-grain, yellow",1.018,645.0,"Fatty acids, total monounsaturated",G,0.4598,0.4598,22679.6,0.0010136863084005009,0.0010136863084005009,0.10136863084005009,0.10136863084005009,0.09957625819258357,10.042554501957373
338,Corn flour,22.99,50.0,1.0,"Corn flour, whole-grain, yellow",1.759,646.0,"Fatty acids, total polyunsaturated",G,0.4598,0.4598,22679.6,0.0010136863084005009,0.0010136863084005009,0.10136863084005009,0.10136863084005009,0.05762855647529852,17.352508220965635
339,Corn flour,22.99,50.0,1.0,"Corn flour, whole-grain, yellow",0.463,613.0,SFA 16:0,G,0.4598,0.4598,22679.6,0.0010136863084005009,0.0010136863084005009,0.10136863084005009,0.10136863084005009,0.21893872751630686,4.567487951283167
340,Corn flour,22.99,50.0,1.0,"Corn flour, whole-grain, yellow",0.061,614.0,SFA 18:0,G,0.4598,0.4598,22679.6,0.0010136863084005009,0.0010136863084005009,0.10136863084005009,0.10136863084005009,1.661780833443444,0.6017640713353632
341,Corn flour,22.99,50.0,1.0,"Corn flour, whole-grain, yellow",1.015,617.0,MUFA 18:1,G,0.4598,0.4598,22679.6,0.0010136863084005009,0.0010136863084005009,0.10136863084005009,0.10136863084005009,0.09987057225620699,10.012959547629404
342,Corn flour,22.99,50.0,1.0,"Corn flour, whole-grain, yellow",1.706,618.0,PUFA 18:2,G,0.4598,0.4598,22679.6,0.0010136863084005009,0.0010136863084005009,0.10136863084005009,0.10136863084005009,0.059418892637778484,16.82966402783819
343,Corn flour,22.99,50.0,1.0,"Corn flour, whole-grain, yellow",0.053,619.0,PUFA 18:3,G,0.4598,0.4598,22679.6,0.0010136863084005009,0.0010136863084005009,0.10136863084005009,0.10136863084005009,1.91261567622736,0.5228441931274467
344,Corn flour,22.99,50.0,1.0,"Corn flour, whole-grain, yellow",0.248,503.0,Isoleucine,G,0.4598,0.4598,22679.6,0.0010136863084005009,0.0010136863084005009,0.10136863084005009,0.10136863084005009,0.40874447919375034,2.446516224445411
345,Corn flour,22.99,50.0,1.0,"Corn flour, whole-grain, yellow",0.85,504.0,Leucine,G,0.4598,0.4598,22679.6,0.0010136863084005009,0.0010136863084005009,0.10136863084005009,0.10136863084005009,0.11925721275300011,8.385237059591127
346,Corn flour,22.99,50.0,1.0,"Corn flour, whole-grain, yellow",0.195,505.0,Lysine,G,0.4598,0.4598,22679.6,0.0010136863084005009,0.0010136863084005009,0.10136863084005009,0.10136863084005009,0.5198391325130773,1.9236720313179645
347,Corn flour,22.99,50.0,1.0,"Corn flour, whole-grain, yellow",0.125,507.0,Cystine,G,0.4598,0.4598,22679.6,0.0010136863084005009,0.0010136863084005009,0.10136863084005009,0.10136863084005009,0.8109490467204007,1.233123096998695
348,Corn flour,22.99,50.0,1.0,"Corn flour, whole-grain, yellow",0.351,510.0,Valine,G,0.4598,0.4598,22679.6,0.0010136863084005009,0.0010136863084005009,0.10136863084005009,0.10136863084005009,0.2887995180628208,3.4626096563723356
349,Corn flour,22.99,50.0,1.0,"Corn flour, whole-grain, yellow",0.345,511.0,Arginine,G,0.4598,0.4598,22679.6,0.0010136863084005009,0.0010136863084005009,0.10136863084005009,0.10136863084005009,0.2938221183769568,3.403419747716398
350,Corn flour,22.99,50.0,1.0,"Corn flour, whole-grain, yellow",0.211,512.0,Histidine,G,0.4598,0.4598,22679.6,0.0010136863084005009,0.0010136863084005009,0.10136863084005009,0.10136863084005009,0.480420051374645,2.081511787733797
351,Corn flour,22.99,50.0,1.0,"Corn flour, whole-grain, yellow",0.482,514.0,Aspartic acid,G,0.4598,0.4598,22679.6,0.0010136863084005009,0.0010136863084005009,0.10136863084005009,0.10136863084005009,0.21030836273869313,4.754922662026968
352,Corn flour,22.99,50.0,1.0,"Corn flour, whole-grain, yellow",0.329,518.0,Serine,G,0.4598,0.4598,22679.6,0.0010136863084005009,0.0010136863084005009,0.10136863084005009,0.10136863084005009,0.30811133993936196,3.245579991300566
353,Corn flour,22.99,50.0,1.0,"Corn flour, whole-grain, yellow",6.93,203.0,Protein,G,0.4598,0.4598,22679.6,0.0010136863084005009,0.0010136863084005009,0.10136863084005009,0.10136863084005009,0.014627508057727286,68.36434449760766
354,Corn flour,22.99,50.0,1.0,"Corn flour, whole-grain, yellow",1.45,207.0,Ash,G,0.4598,0.4598,22679.6,0.0010136863084005009,0.0010136863084005009,0.10136863084005009,0.10136863084005009,0.06990940057934489,14.304227925184863
355,Corn flour,22.99,50.0,1.0,"Corn flour, whole-grain, yellow",2.38,303.0,"Iron, Fe",MG,0.4598,0.4598,22679.6,0.0010136863084005009,0.0010136863084005009,0.10136863084005009,0.10136863084005009,0.04259186169750004,23.478663766855153
356,Corn flour,22.99,50.0,1.0,"Corn flour, whole-grain, yellow",93.0,304.0,"Magnesium, Mg",MG,0.4598,0.4598,22679.6,0.0010136863084005009,0.0010136863084005009,0.10136863084005009,0.10136863084005009,0.001089985277850001,917.4435841670291
357,Corn flour,22.99,50.0,1.0,"Corn flour, whole-grain, yellow",272.0,305.0,"Phosphorus, P",MG,0.4598,0.4598,22679.6,0.0010136863084005009,0.0010136863084005009,0.10136863084005009,0.10136863084005009,0.0003726787898531253,2683.2758590691606
358,Corn flour,22.99,50.0,1.0,"Corn flour, whole-grain, yellow",5.0,307.0,"Sodium, Na",MG,0.4598,0.4598,22679.6,0.0010136863084005009,0.0010136863084005009,0.10136863084005009,0.10136863084005009,0.020273726168010018,49.324923879947804
359,Corn flour,22.99,50.0,1.0,"Corn flour, whole-grain, yellow",0.23,312.0,"Copper, Cu",MG,0.4598,0.4598,22679.6,0.0010136863084005009,0.0010136863084005009,0.10136863084005009,0.10136863084005009,0.4407331775654351,2.2689464984775993
360,Corn flour,22.99,50.0,1.0,"Corn flour, whole-grain, yellow",0.46,315.0,"Manganese, Mn",MG,0.4598,0.4598,22679.6,0.0010136863084005009,0.0010136863084005009,0.10136863084005009,0.10136863084005009,0.22036658878271756,4.537892996955199
361,Corn flour,22.99,50.0,1.0,"Corn flour, whole-grain, yellow",0.049,501.0,Tryptophan,G,0.4598,0.4598,22679.6,0.0010136863084005009,0.0010136863084005009,0.10136863084005009,0.10136863084005009,2.0687475681642873,0.4833842540234885
362,Corn flour,22.99,50.0,1.0,"Corn flour, whole-grain, yellow",0.261,502.0,Threonine,G,0.4598,0.4598,22679.6,0.0010136863084005009,0.0010136863084005009,0.10136863084005009,0.10136863084005009,0.3883855587741383,2.5747610265332757
363,Corn flour,22.99,50.0,1.0,"Corn flour, whole-grain, yellow",0.145,506.0,Methionine,G,0.4598,0.4598,22679.6,0.0010136863084005009,0.0010136863084005009,0.10136863084005009,0.10136863084005009,0.6990940057934489,1.4304227925184863
364,Corn flour,22.99,50.0,1.0,"Corn flour, whole-grain, yellow",0.34,508.0,Phenylalanine,G,0.4598,0.4598,22679.6,0.0010136863084005009,0.0010136863084005009,0.10136863084005009,0.10136863084005009,0.29814303188250024,3.354094823836451
365,Corn flour,22.99,50.0,1.0,"Corn flour, whole-grain, yellow",0.282,509.0,Tyrosine,G,0.4598,0.4598,22679.6,0.0010136863084005009,0.0010136863084005009,0.10136863084005009,0.10136863084005009,0.35946322992925567,2.781925706829056
366,Corn flour,22.99,50.0,1.0,"Corn flour, whole-grain, yellow",0.518,513.0,Alanine,G,0.4598,0.4598,22679.6,0.0010136863084005009,0.0010136863084005009,0.10136863084005009,0.10136863084005009,0.1956923375290542,5.110062113962592
367,Corn flour,22.99,50.0,1.0,"Corn flour, whole-grain, yellow",1.3,515.0,Glutamic acid,G,0.4598,0.4598,22679.6,0.0010136863084005009,0.0010136863084005009,0.10136863084005009,0.10136863084005009,0.0779758698769616,12.82448020878643
368,Corn flour,22.99,50.0,1.0,"Corn flour, whole-grain, yellow",0.284,516.0,Glycine,G,0.4598,0.4598,22679.6,0.0010136863084005009,0.0010136863084005009,0.10136863084005009,0.10136863084005009,0.35693179873257075,2.801655676381035
369,Corn flour,22.99,50.0,1.0,"Corn flour, whole-grain, yellow",0.605,517.0,Proline,G,0.4598,0.4598,22679.6,0.0010136863084005009,0.0010136863084005009,0.10136863084005009,0.10136863084005009,0.1675514559339671,5.968315789473684
370,Corn flour,22.99,50.0,1.0,"Corn flour, whole-grain, yellow",0.0,601.0,Cholesterol,MG,0.4598,0.4598,22679.6,0.0010136863084005009,0.0010136863084005009,0.10136863084005009,0.10136863084005009,inf,0.0
371,Corn flour,22.99,50.0,1.0,"Corn flour, whole-grain, yellow",0.543,606.0,"Fatty acids, total saturated",G,0.4598,0.4598,22679.6,0.0010136863084005009,0.0010136863084005009,0.10136863084005009,0.10136863084005009,0.1866825613997239,5.356686733362332
372,Corn flour,22.99,50.0,1.0,"Corn flour, whole-grain, yellow",0.0,401.0,"Vitamin C, total ascorbic acid",MG,0.4598,0.4598,22679.6,0.0010136863084005009,0.0010136863084005009,0.10136863084005009,0.10136863084005009,inf,0.0
373,Corn flour,22.99,50.0,1.0,"Corn flour, whole-grain, yellow",0.246,404.0,Thiamin,MG,0.4598,0.4598,22679.6,0.0010136863084005009,0.0010136863084005009,0.10136863084005009,0.10136863084005009,0.412067605040854,2.426786254893432
374,Corn flour,22.99,50.0,1.0,"Corn flour, whole-grain, yellow",0.08,405.0,Riboflavin,MG,0.4598,0.4598,22679.6,0.0010136863084005009,0.0010136863084005009,0.10136863084005009,0.10136863084005009,1.2671078855006261,0.7891987820791649
375,Corn flour,22.99,50.0,1.0,"Corn flour, whole-grain, yellow",25.0,417.0,"Folate, total",UG,0.4598,0.4598,22679.6,0.0010136863084005009,0.0010136863084005009,0.10136863084005009,0.10136863084005009,0.004054745233602003,246.62461939973903
376,Corn flour,22.99,50.0,1.0,"Corn flour, whole-grain, yellow",0.0,418.0,Vitamin B-12,UG,0.4598,0.4598,22679.6,0.0010136863084005009,0.0010136863084005009,0.10136863084005009,0.10136863084005009,inf,0.0
377,Corn flour,22.99,50.0,1.0,"Corn flour, whole-grain, yellow",0.003,626.0,MUFA 16:1,G,0.4598,0.4598,22679.6,0.0010136863084005009,0.0010136863084005009,0.10136863084005009,0.10136863084005009,33.78954361335003,0.029594954327968683
378,Corn flour,22.99,50.0,1.0,"Corn flour, whole-grain, yellow",0.3,430.0,Vitamin K (phylloquinone),UG,0.4598,0.4598,22679.6,0.0010136863084005009,0.0010136863084005009,0.10136863084005009,0.10136863084005009,0.3378954361335003,2.959495432796868
379,Corn flour,22.99,50.0,1.0,"Corn flour, whole-grain, yellow",0.0,334.0,"Cryptoxanthin, beta",UG,0.4598,0.4598,22679.6,0.0010136863084005009,0.0010136863084005009,0.10136863084005009,0.10136863084005009,inf,0.0
380,Corn flour,22.99,50.0,1.0,"Corn flour, whole-grain, yellow",0.0,337.0,Lycopene,UG,0.4598,0.4598,22679.6,0.0010136863084005009,0.0010136863084005009,0.10136863084005009,0.10136863084005009,inf,0.0
381,Corn flour,22.99,50.0,1.0,"Corn flour, whole-grain, yellow",97.0,321.0,"Carotene, beta",UG,0.4598,0.4598,22679.6,0.0010136863084005009,0.0010136863084005009,0.10136863084005009,0.10136863084005009,0.0010450374313407224,956.9035232709874
382,Corn flour,22.99,50.0,1.0,"Corn flour, whole-grain, yellow",63.0,322.0,"Carotene, alpha",UG,0.4598,0.4598,22679.6,0.0010136863084005009,0.0010136863084005009,0.10136863084005009,0.10136863084005009,0.0016090258863500015,621.4940408873423
383,Corn flour,22.99,50.0,1.0,"Corn flour, whole-grain, yellow",0.0,262.0,Caffeine,MG,0.4598,0.4598,22679.6,0.0010136863084005009,0.0010136863084005009,0.10136863084005009,0.10136863084005009,inf,0.0
384,Corn flour,22.99,50.0,1.0,"Corn flour, whole-grain, yellow",0.0,263.0,Theobromine,MG,0.4598,0.4598,22679.6,0.0010136863084005009,0.0010136863084005009,0.10136863084005009,0.10136863084005009,inf,0.0
385,Corn flour,22.99,50.0,1.0,"Corn flour, whole-grain, yellow",0.64,269.0,"Sugars, Total",G,0.4598,0.4598,22679.6,0.0010136863084005009,0.0010136863084005009,0.10136863084005009,0.10136863084005009,0.15838848568757827,6.3135902566333195
386,Corn flour,22.99,50.0,1.0,"Corn flour, whole-grain, yellow",1355.0,338.0,Lutein + zeaxanthin,UG,0.4598,0.4598,22679.6,0.0010136863084005009,0.0010136863084005009,0.10136863084005009,0.10136863084005009,7.481079766793364e-05,13367.054371465854
387,Corn flour,22.99,50.0,1.0,"Corn flour, whole-grain, yellow",0.42,323.0,Vitamin E (alpha-tocopherol),MG,0.4598,0.4598,22679.6,0.0010136863084005009,0.0010136863084005009,0.10136863084005009,0.10136863084005009,0.2413538829525002,4.143293605915615
388,Corn flour,22.99,50.0,1.0,"Corn flour, whole-grain, yellow",0.0,328.0,Vitamin D (D2 + D3),UG,0.4598,0.4598,22679.6,0.0010136863084005009,0.0010136863084005009,0.10136863084005009,0.10136863084005009,inf,0.0
389,Corn flour,22.99,50.0,1.0,"Corn flour, whole-grain, yellow",15.4,317.0,"Selenium, Se",UG,0.4598,0.4598,22679.6,0.0010136863084005009,0.0010136863084005009,0.10136863084005009,0.10136863084005009,0.0065823786259772785,151.92076555023925
390,Tuna,3.5,1.0,1.0,"Fish, tuna, light, canned in water, without salt, drained solids",0.0,431.0,Folic acid,UG,3.5,3.5,453.592,0.007716185470643222,0.007716185470643222,0.7716185470643222,0.7716185470643222,inf,0.0
391,Tuna,3.5,1.0,1.0,"Fish, tuna, light, canned in water, without salt, drained solids",25.51,203.0,Protein,G,3.5,3.5,453.592,0.007716185470643222,0.007716185470643222,0.7716185470643222,0.7716185470643222,0.03024768902643364,33.06037691428571
392,Tuna,3.5,1.0,1.0,"Fish, tuna, light, canned in water, without salt, drained solids",0.78,207.0,Ash,G,3.5,3.5,453.592,0.007716185470643222,0.007716185470643222,0.7716185470643222,0.7716185470643222,0.9892545475183617,1.0108621714285713
393,Tuna,3.5,1.0,1.0,"Fish, tuna, light, canned in water, without salt, drained solids",1.53,303.0,"Iron, Fe",MG,3.5,3.5,453.592,0.007716185470643222,0.007716185470643222,0.7716185470643222,0.7716185470643222,0.504325847754459,1.9828450285714283
394,Tuna,3.5,1.0,1.0,"Fish, tuna, light, canned in water, without salt, drained solids",27.0,304.0,"Magnesium, Mg",MG,3.5,3.5,453.592,0.007716185470643222,0.007716185470643222,0.7716185470643222,0.7716185470643222,0.028578464706086007,34.99138285714285
395,Tuna,3.5,1.0,1.0,"Fish, tuna, light, canned in water, without salt, drained solids",163.0,305.0,"Phosphorus, P",MG,3.5,3.5,453.592,0.007716185470643222,0.007716185470643222,0.7716185470643222,0.7716185470643222,0.004733856116959032,211.24427428571425
396,Tuna,3.5,1.0,1.0,"Fish, tuna, light, canned in water, without salt, drained solids",0.051,312.0,"Copper, Cu",MG,3.5,3.5,453.592,0.007716185470643222,0.007716185470643222,0.7716185470643222,0.7716185470643222,15.12977543263377,0.06609483428571428
397,Tuna,3.5,1.0,1.0,"Fish, tuna, light, canned in water, without salt, drained solids",0.011,315.0,"Manganese, Mn",MG,3.5,3.5,453.592,0.007716185470643222,0.007716185470643222,0.7716185470643222,0.7716185470643222,70.14714064221111,0.01425574857142857
398,Tuna,3.5,1.0,1.0,"Fish, tuna, light, canned in water, without salt, drained solids",56.0,318.0,"Vitamin A, IU",IU,3.5,3.5,453.592,0.007716185470643222,0.007716185470643222,0.7716185470643222,0.7716185470643222,0.013778902626148611,72.57472
399,Tuna,3.5,1.0,1.0,"Fish, tuna, light, canned in water, without salt, drained solids",0.032,404.0,Thiamin,MG,3.5,3.5,453.592,0.007716185470643222,0.007716185470643222,0.7716185470643222,0.7716185470643222,24.11307959576007,0.04147126857142857
400,Tuna,3.5,1.0,1.0,"Fish, tuna, light, canned in water, without salt, drained solids",0.074,405.0,Riboflavin,MG,3.5,3.5,453.592,0.007716185470643222,0.007716185470643222,0.7716185470643222,0.7716185470643222,10.427277663031381,0.09590230857142856
401,Tuna,3.5,1.0,1.0,"Fish, tuna, light, canned in water, without salt, drained solids",4.0,417.0,"Folate, total",UG,3.5,3.5,453.592,0.007716185470643222,0.007716185470643222,0.7716185470643222,0.7716185470643222,0.19290463676608055,5.183908571428571
402,Tuna,3.5,1.0,1.0,"Fish, tuna, light, canned in water, without salt, drained solids",2.99,418.0,Vitamin B-12,UG,3.5,3.5,453.592,0.007716185470643222,0.007716185470643222,0.7716185470643222,0.7716185470643222,0.2580664037004422,3.874971657142857
403,Tuna,3.5,1.0,1.0,"Fish, tuna, light, canned in water, without salt, drained solids",0.286,501.0,Tryptophan,G,3.5,3.5,453.592,0.007716185470643222,0.007716185470643222,0.7716185470643222,0.7716185470643222,2.6979669477773505,0.3706494628571428
404,Tuna,3.5,1.0,1.0,"Fish, tuna, light, canned in water, without salt, drained solids",1.118,502.0,Threonine,G,3.5,3.5,453.592,0.007716185470643222,0.007716185470643222,0.7716185470643222,0.7716185470643222,0.6901775912918803,1.4489024457142856
405,Tuna,3.5,1.0,1.0,"Fish, tuna, light, canned in water, without salt, drained solids",0.755,506.0,Methionine,G,3.5,3.5,453.592,0.007716185470643222,0.007716185470643222,0.7716185470643222,0.7716185470643222,1.0220113206149963,0.9784627428571427
406,Tuna,3.5,1.0,1.0,"Fish, tuna, light, canned in water, without salt, drained solids",0.996,508.0,Phenylalanine,G,3.5,3.5,453.592,0.007716185470643222,0.007716185470643222,0.7716185470643222,0.7716185470643222,0.7747174167312472,1.2907932342857142
407,Tuna,3.5,1.0,1.0,"Fish, tuna, light, canned in water, without salt, drained solids",0.861,509.0,Tyrosine,G,3.5,3.5,453.592,0.007716185470643222,0.007716185470643222,0.7716185470643222,0.7716185470643222,0.8961887886925926,1.1158363199999999
408,Tuna,3.5,1.0,1.0,"Fish, tuna, light, canned in water, without salt, drained solids",1.543,513.0,Alanine,G,3.5,3.5,453.592,0.007716185470643222,0.007716185470643222,0.7716185470643222,0.7716185470643222,0.5000768289464175,1.999692731428571
409,Tuna,3.5,1.0,1.0,"Fish, tuna, light, canned in water, without salt, drained solids",3.808,515.0,Glutamic acid,G,3.5,3.5,453.592,0.007716185470643222,0.007716185470643222,0.7716185470643222,0.7716185470643222,0.2026309209727737,4.93508096
410,Tuna,3.5,1.0,1.0,"Fish, tuna, light, canned in water, without salt, drained solids",1.224,516.0,Glycine,G,3.5,3.5,453.592,0.007716185470643222,0.007716185470643222,0.7716185470643222,0.7716185470643222,0.6304073096930737,1.5862760228571426
411,Tuna,3.5,1.0,1.0,"Fish, tuna, light, canned in water, without salt, drained solids",0.902,517.0,Proline,G,3.5,3.5,453.592,0.007716185470643222,0.007716185470643222,0.7716185470643222,0.7716185470643222,0.855452934661111,1.1689713828571429
412,Tuna,3.5,1.0,1.0,"Fish, tuna, light, canned in water, without salt, drained solids",30.0,601.0,Cholesterol,MG,3.5,3.5,453.592,0.007716185470643222,0.007716185470643222,0.7716185470643222,0.7716185470643222,0.025720618235477406,38.87931428571428
413,Tuna,3.5,1.0,1.0,"Fish, tuna, light, canned in water, without salt, drained solids",0.234,606.0,"Fatty acids, total saturated",G,3.5,3.5,453.592,0.007716185470643222,0.007716185470643222,0.7716185470643222,0.7716185470643222,3.297515158394539,0.3032586514285714
414,Tuna,3.5,1.0,1.0,"Fish, tuna, light, canned in water, without salt, drained solids",0.0,609.0,SFA 8:0,G,3.5,3.5,453.592,0.007716185470643222,0.007716185470643222,0.7716185470643222,0.7716185470643222,inf,0.0
415,Tuna,3.5,1.0,1.0,"Fish, tuna, light, canned in water, without salt, drained solids",0.0,611.0,SFA 12:0,G,3.5,3.5,453.592,0.007716185470643222,0.007716185470643222,0.7716185470643222,0.7716185470643222,inf,0.0
416,Tuna,3.5,1.0,1.0,"Fish, tuna, light, canned in water, without salt, drained solids",0.018,612.0,SFA 14:0,G,3.5,3.5,453.592,0.007716185470643222,0.007716185470643222,0.7716185470643222,0.7716185470643222,42.867697059129014,0.023327588571428567
417,Tuna,3.5,1.0,1.0,"Fish, tuna, light, canned in water, without salt, drained solids",0.223,621.0,PUFA 22:6 n-3 (DHA),G,3.5,3.5,453.592,0.007716185470643222,0.007716185470643222,0.7716185470643222,0.7716185470643222,3.4601728567906824,0.2890029028571428
418,Tuna,3.5,1.0,1.0,"Fish, tuna, light, canned in water, without salt, drained solids",0.026,626.0,MUFA 16:1,G,3.5,3.5,453.592,0.007716185470643222,0.007716185470643222,0.7716185470643222,0.7716185470643222,29.677636425550855,0.03369540571428571
419,Tuna,3.5,1.0,1.0,"Fish, tuna, light, canned in water, without salt, drained solids",0.047,629.0,PUFA 20:5 n-3 (EPA),G,3.5,3.5,453.592,0.007716185470643222,0.007716185470643222,0.7716185470643222,0.7716185470643222,16.417415894985577,0.060910925714285705
420,Tuna,3.5,1.0,1.0,"Fish, tuna, light, canned in water, without salt, drained solids",0.009,631.0,PUFA 22:5 n-3 (DPA),G,3.5,3.5,453.592,0.007716185470643222,0.007716185470643222,0.7716185470643222,0.7716185470643222,85.73539411825803,0.011663794285714284
421,Tuna,3.5,1.0,1.0,"Fish, tuna, light, canned in water, without salt, drained solids",0.82,204.0,Total lipid (fat),G,3.5,3.5,453.592,0.007716185470643222,0.007716185470643222,0.7716185470643222,0.7716185470643222,0.9409982281272222,1.062701257142857
422,Tuna,3.5,1.0,1.0,"Fish, tuna, light, canned in water, without salt, drained solids",13.28,406.0,Niacin,MG,3.5,3.5,453.592,0.007716185470643222,0.007716185470643222,0.7716185470643222,0.7716185470643222,0.05810380625484354,17.210576457142853
423,Tuna,3.5,1.0,1.0,"Fish, tuna, light, canned in water, without salt, drained solids",0.214,410.0,Pantothenic acid,MG,3.5,3.5,453.592,0.007716185470643222,0.007716185470643222,0.7716185470643222,0.7716185470643222,3.6056941451603843,0.2773391085714285
424,Tuna,3.5,1.0,1.0,"Fish, tuna, light, canned in water, without salt, drained solids",0.35,415.0,Vitamin B-6,MG,3.5,3.5,453.592,0.007716185470643222,0.007716185470643222,0.7716185470643222,0.7716185470643222,2.204624420183778,0.45359199999999994
425,Tuna,3.5,1.0,1.0,"Fish, tuna, light, canned in water, without salt, drained solids",75.21,255.0,Water,G,3.5,3.5,453.592,0.007716185470643222,0.007716185470643222,0.7716185470643222,0.7716185470643222,0.010259520636409019,97.4704409142857
426,Tuna,3.5,1.0,1.0,"Fish, tuna, light, canned in water, without salt, drained solids",0.0,269.0,"Sugars, Total",G,3.5,3.5,453.592,0.007716185470643222,0.007716185470643222,0.7716185470643222,0.7716185470643222,inf,0.0
427,Tuna,3.5,1.0,1.0,"Fish, tuna, light, canned in water, without salt, drained solids",11.0,301.0,"Calcium, Ca",MG,3.5,3.5,453.592,0.007716185470643222,0.007716185470643222,0.7716185470643222,0.7716185470643222,0.07014714064221111,14.25574857142857
428,Tuna,3.5,1.0,1.0,"Fish, tuna, light, canned in water, without salt, drained solids",237.0,306.0,"Potassium, K",MG,3.5,3.5,453.592,0.007716185470643222,0.007716185470643222,0.7716185470643222,0.7716185470643222,0.0032557744601870134,307.14658285714285
429,Tuna,3.5,1.0,1.0,"Fish, tuna, light, canned in water, without salt, drained solids",1.175,503.0,Isoleucine,G,3.5,3.5,453.592,0.007716185470643222,0.007716185470643222,0.7716185470643222,0.7716185470643222,0.6566966357994232,1.5227731428571427
430,Tuna,3.5,1.0,1.0,"Fish, tuna, light, canned in water, without salt, drained solids",2.073,504.0,Leucine,G,3.5,3.5,453.592,0.007716185470643222,0.007716185470643222,0.7716185470643222,0.7716185470643222,0.3722231293122635,2.686560617142857
431,Tuna,3.5,1.0,1.0,"Fish, tuna, light, canned in water, without salt, drained solids",2.343,505.0,Lysine,G,3.5,3.5,453.592,0.007716185470643222,0.007716185470643222,0.7716185470643222,0.7716185470643222,0.3293292987897235,3.036474445714285
432,Tuna,3.5,1.0,1.0,"Fish, tuna, light, canned in water, without salt, drained solids",0.273,507.0,Cystine,G,3.5,3.5,453.592,0.007716185470643222,0.007716185470643222,0.7716185470643222,0.7716185470643222,2.826441564338176,0.35380175999999997
433,Tuna,3.5,1.0,1.0,"Fish, tuna, light, canned in water, without salt, drained solids",1.314,510.0,Valine,G,3.5,3.5,453.592,0.007716185470643222,0.007716185470643222,0.7716185470643222,0.7716185470643222,0.5872287268373837,1.7029139657142855
434,Tuna,3.5,1.0,1.0,"Fish, tuna, light, canned in water, without salt, drained solids",1.527,511.0,Arginine,G,3.5,3.5,453.592,0.007716185470643222,0.007716185470643222,0.7716185470643222,0.7716185470643222,0.5053166647441534,1.9789570971428567
435,Tuna,3.5,1.0,1.0,"Fish, tuna, light, canned in water, without salt, drained solids",0.751,512.0,Histidine,G,3.5,3.5,453.592,0.007716185470643222,0.007716185470643222,0.7716185470643222,0.7716185470643222,1.027454789699497,0.9732788342857142
436,Tuna,3.5,1.0,1.0,"Fish, tuna, light, canned in water, without salt, drained solids",2.612,514.0,Aspartic acid,G,3.5,3.5,453.592,0.007716185470643222,0.007716185470643222,0.7716185470643222,0.7716185470643222,0.2954129200093117,3.3850922971428568
437,Tuna,3.5,1.0,1.0,"Fish, tuna, light, canned in water, without salt, drained solids",1.041,518.0,Serine,G,3.5,3.5,453.592,0.007716185470643222,0.007716185470643222,0.7716185470643222,0.7716185470643222,0.7412281912241329,1.3491122057142855
438,Tuna,3.5,1.0,1.0,"Fish, tuna, light, canned in water, without salt, drained solids",0.0,607.0,SFA 4:0,G,3.5,3.5,453.592,0.007716185470643222,0.007716185470643222,0.7716185470643222,0.7716185470643222,inf,0.0
439,Tuna,3.5,1.0,1.0,"Fish, tuna, light, canned in water, without salt, drained solids",0.0,608.0,SFA 6:0,G,3.5,3.5,453.592,0.007716185470643222,0.007716185470643222,0.7716185470643222,0.7716185470643222,inf,0.0
440,Tuna,3.5,1.0,1.0,"Fish, tuna, light, canned in water, without salt, drained solids",0.0,610.0,SFA 10:0,G,3.5,3.5,453.592,0.007716185470643222,0.007716185470643222,0.7716185470643222,0.7716185470643222,inf,0.0
441,Tuna,3.5,1.0,1.0,"Fish, tuna, light, canned in water, without salt, drained solids",0.156,613.0,SFA 16:0,G,3.5,3.5,453.592,0.007716185470643222,0.007716185470643222,0.7716185470643222,0.7716185470643222,4.946272737591809,0.20217243428571427
442,Tuna,3.5,1.0,1.0,"Fish, tuna, light, canned in water, without salt, drained solids",0.06,614.0,SFA 18:0,G,3.5,3.5,453.592,0.007716185470643222,0.007716185470643222,0.7716185470643222,0.7716185470643222,12.860309117738703,0.07775862857142855
443,Tuna,3.5,1.0,1.0,"Fish, tuna, light, canned in water, without salt, drained solids",0.093,617.0,MUFA 18:1,G,3.5,3.5,453.592,0.007716185470643222,0.007716185470643222,0.7716185470643222,0.7716185470643222,8.296973624347551,0.12052587428571428
444,Tuna,3.5,1.0,1.0,"Fish, tuna, light, canned in water, without salt, drained solids",0.009,618.0,PUFA 18:2,G,3.5,3.5,453.592,0.007716185470643222,0.007716185470643222,0.7716185470643222,0.7716185470643222,85.73539411825803,0.011663794285714284
445,Tuna,3.5,1.0,1.0,"Fish, tuna, light, canned in water, without salt, drained solids",0.0,619.0,PUFA 18:3,G,3.5,3.5,453.592,0.007716185470643222,0.007716185470643222,0.7716185470643222,0.7716185470643222,inf,0.0
446,Tuna,3.5,1.0,1.0,"Fish, tuna, light, canned in water, without salt, drained solids",0.034,620.0,PUFA 20:4,G,3.5,3.5,453.592,0.007716185470643222,0.007716185470643222,0.7716185470643222,0.7716185470643222,22.694663148950653,0.044063222857142856
447,Tuna,3.5,1.0,1.0,"Fish, tuna, light, canned in water, without salt, drained solids",0.013,627.0,PUFA 18:4,G,3.5,3.5,453.592,0.007716185470643222,0.007716185470643222,0.7716185470643222,0.7716185470643222,59.35527285110171,0.016847702857142856
448,Tuna,3.5,1.0,1.0,"Fish, tuna, light, canned in water, without salt, drained solids",0.011,628.0,MUFA 20:1,G,3.5,3.5,453.592,0.007716185470643222,0.007716185470643222,0.7716185470643222,0.7716185470643222,70.14714064221111,0.01425574857142857
449,Tuna,3.5,1.0,1.0,"Fish, tuna, light, canned in water, without salt, drained solids",0.029,630.0,MUFA 22:1,G,3.5,3.5,453.592,0.007716185470643222,0.007716185470643222,0.7716185470643222,0.7716185470643222,26.60753610566628,0.037583337142857144
450,Tuna,3.5,1.0,1.0,"Fish, tuna, light, canned in water, without salt, drained solids",0.159,645.0,"Fatty acids, total monounsaturated",G,3.5,3.5,453.592,0.007716185470643222,0.007716185470643222,0.7716185470643222,0.7716185470643222,4.85294683688253,0.2060603657142857
451,Tuna,3.5,1.0,1.0,"Fish, tuna, light, canned in water, without salt, drained solids",0.337,646.0,"Fatty acids, total polyunsaturated",G,3.5,3.5,453.592,0.007716185470643222,0.007716185470643222,0.7716185470643222,0.7716185470643222,2.289669279122618,0.4367442971428571
452,Tuna,3.5,1.0,1.0,"Fish, tuna, light, canned in water, without salt, drained solids",18.6,313.0,"Fluoride, F",UG,3.5,3.5,453.592,0.007716185470643222,0.007716185470643222,0.7716185470643222,0.7716185470643222,0.04148486812173775,24.105174857142856
453,Tuna,3.5,1.0,1.0,"Fish, tuna, light, canned in water, without salt, drained solids",116.0,208.0,Energy,KCAL,3.5,3.5,453.592,0.007716185470643222,0.007716185470643222,0.7716185470643222,0.7716185470643222,0.006651884026416571,150.33334857142856
454,Tuna,3.5,1.0,1.0,"Fish, tuna, light, canned in water, without salt, drained solids",4.0,435.0,"Folate, DFE",UG,3.5,3.5,453.592,0.007716185470643222,0.007716185470643222,0.7716185470643222,0.7716185470643222,0.19290463676608055,5.183908571428571
455,Tuna,3.5,1.0,1.0,"Fish, tuna, light, canned in water, without salt, drained solids",4.0,432.0,"Folate, food",UG,3.5,3.5,453.592,0.007716185470643222,0.007716185470643222,0.7716185470643222,0.7716185470643222,0.19290463676608055,5.183908571428571
456,Tuna,3.5,1.0,1.0,"Fish, tuna, light, canned in water, without salt, drained solids",50.0,307.0,"Sodium, Na",MG,3.5,3.5,453.592,0.007716185470643222,0.007716185470643222,0.7716185470643222,0.7716185470643222,0.015432370941286444,64.79885714285713
457,Tuna,3.5,1.0,1.0,"Fish, tuna, light, canned in water, without salt, drained solids",487.0,268.0,Energy,kJ,3.5,3.5,453.592,0.007716185470643222,0.007716185470643222,0.7716185470643222,0.7716185470643222,0.001584432334834337,631.1408685714285
458,Tuna,3.5,1.0,1.0,"Fish, tuna, light, canned in water, without salt, drained solids",0.77,309.0,"Zinc, Zn",MG,3.5,3.5,453.592,0.007716185470643222,0.007716185470643222,0.7716185470643222,0.7716185470643222,1.0021020091744444,0.9979024
459,Tuna,3.5,1.0,1.0,"Fish, tuna, light, canned in water, without salt, drained solids",0.0,205.0,"Carbohydrate, by difference",G,3.5,3.5,453.592,0.007716185470643222,0.007716185470643222,0.7716185470643222,0.7716185470643222,inf,0.0
460,Tuna,3.5,1.0,1.0,"Fish, tuna, light, canned in water, without salt, drained solids",0.0,291.0,"Fiber, total dietary",G,3.5,3.5,453.592,0.007716185470643222,0.007716185470643222,0.7716185470643222,0.7716185470643222,inf,0.0
461,Tuna,3.5,1.0,1.0,"Fish, tuna, light, canned in water, without salt, drained solids",0.0,401.0,"Vitamin C, total ascorbic acid",MG,3.5,3.5,453.592,0.007716185470643222,0.007716185470643222,0.7716185470643222,0.7716185470643222,inf,0.0
462,Tuna,3.5,1.0,1.0,"Fish, tuna, light, canned in water, without salt, drained solids",80.4,317.0,"Selenium, Se",UG,3.5,3.5,453.592,0.007716185470643222,0.007716185470643222,0.7716185470643222,0.7716185470643222,0.009597245610252762,104.19656228571428
463,Brown rice,21.99,25.0,3.0,"Rice, brown, cooked, no added fat",0.0,608.0,SFA 6:0,G,0.8795999999999999,0.29319999999999996,11339.8,0.0019391876399936507,0.0006463958799978836,0.19391876399936508,0.06463958799978836,inf,0.0
464,Brown rice,21.99,25.0,3.0,"Rice, brown, cooked, no added fat",0.0,578.0,"Vitamin B-12, added",UG,0.8795999999999999,0.29319999999999996,11339.8,0.0019391876399936507,0.0006463958799978836,0.19391876399936508,0.06463958799978836,inf,0.0
465,Brown rice,21.99,25.0,3.0,"Rice, brown, cooked, no added fat",0.069,405.0,Riboflavin,MG,0.8795999999999999,0.29319999999999996,11339.8,0.0019391876399936507,0.0006463958799978836,0.19391876399936508,0.06463958799978836,0.9368056231853384,1.067457298772169
466,Brown rice,21.99,25.0,3.0,"Rice, brown, cooked, no added fat",0.0,431.0,Folic acid,UG,0.8795999999999999,0.29319999999999996,11339.8,0.0019391876399936507,0.0006463958799978836,0.19391876399936508,0.06463958799978836,inf,0.0
467,Brown rice,21.99,25.0,3.0,"Rice, brown, cooked, no added fat",0.0,620.0,PUFA 20:4,G,0.8795999999999999,0.29319999999999996,11339.8,0.0019391876399936507,0.0006463958799978836,0.19391876399936508,0.06463958799978836,inf,0.0
468,Brown rice,21.99,25.0,3.0,"Rice, brown, cooked, no added fat",0.0,573.0,"Vitamin E, added",MG,0.8795999999999999,0.29319999999999996,11339.8,0.0019391876399936507,0.0006463958799978836,0.19391876399936508,0.06463958799978836,inf,0.0
469,Brown rice,21.99,25.0,3.0,"Rice, brown, cooked, no added fat",0.0,631.0,PUFA 22:5 n-3 (DPA),G,0.8795999999999999,0.29319999999999996,11339.8,0.0019391876399936507,0.0006463958799978836,0.19391876399936508,0.06463958799978836,inf,0.0
470,Brown rice,21.99,25.0,3.0,"Rice, brown, cooked, no added fat",9.0,435.0,"Folate, DFE",UG,0.8795999999999999,0.29319999999999996,11339.8,0.0019391876399936507,0.0006463958799978836,0.19391876399936508,0.06463958799978836,0.007182176444420929,139.23356070941335
471,Brown rice,21.99,25.0,3.0,"Rice, brown, cooked, no added fat",0.003,628.0,MUFA 20:1,G,0.8795999999999999,0.29319999999999996,11339.8,0.0019391876399936507,0.0006463958799978836,0.19391876399936508,0.06463958799978836,21.546529333262786,0.04641118690313779
472,Brown rice,21.99,25.0,3.0,"Rice, brown, cooked, no added fat",0.367,645.0,"Fatty acids, total monounsaturated",G,0.8795999999999999,0.29319999999999996,11339.8,0.0019391876399936507,0.0006463958799978836,0.19391876399936508,0.06463958799978836,0.17612966757435522,5.677635197817189
473,Brown rice,21.99,25.0,3.0,"Rice, brown, cooked, no added fat",9.2,421.0,"Choline, total",MG,0.8795999999999999,0.29319999999999996,11339.8,0.0019391876399936507,0.0006463958799978836,0.19391876399936508,0.06463958799978836,0.00702604217389004,142.3276398362892
474,Brown rice,21.99,25.0,3.0,"Rice, brown, cooked, no added fat",0.0,621.0,PUFA 22:6 n-3 (DHA),G,0.8795999999999999,0.29319999999999996,11339.8,0.0019391876399936507,0.0006463958799978836,0.19391876399936508,0.06463958799978836,inf,0.0
475,Brown rice,21.99,25.0,3.0,"Rice, brown, cooked, no added fat",0.0,627.0,PUFA 18:4,G,0.8795999999999999,0.29319999999999996,11339.8,0.0019391876399936507,0.0006463958799978836,0.19391876399936508,0.06463958799978836,inf,0.0
476,Brown rice,21.99,25.0,3.0,"Rice, brown, cooked, no added fat",0.001,626.0,MUFA 16:1,G,0.8795999999999999,0.29319999999999996,11339.8,0.0019391876399936507,0.0006463958799978836,0.19391876399936508,0.06463958799978836,64.63958799978836,0.015470395634379262
477,Brown rice,21.99,25.0,3.0,"Rice, brown, cooked, no added fat",0.002,611.0,SFA 12:0,G,0.8795999999999999,0.29319999999999996,11339.8,0.0019391876399936507,0.0006463958799978836,0.19391876399936508,0.06463958799978836,32.31979399989418,0.030940791268758525
478,Brown rice,21.99,25.0,3.0,"Rice, brown, cooked, no added fat",0.022,614.0,SFA 18:0,G,0.8795999999999999,0.29319999999999996,11339.8,0.0019391876399936507,0.0006463958799978836,0.19391876399936508,0.06463958799978836,2.9381630908994714,0.34034870395634376
479,Brown rice,21.99,25.0,3.0,"Rice, brown, cooked, no added fat",0.0,629.0,PUFA 20:5 n-3 (EPA),G,0.8795999999999999,0.29319999999999996,11339.8,0.0019391876399936507,0.0006463958799978836,0.19391876399936508,0.06463958799978836,inf,0.0
480,Brown rice,21.99,25.0,3.0,"Rice, brown, cooked, no added fat",0.2,430.0,Vitamin K (phylloquinone),UG,0.8795999999999999,0.29319999999999996,11339.8,0.0019391876399936507,0.0006463958799978836,0.19391876399936508,0.06463958799978836,0.3231979399989418,3.0940791268758527
481,Brown rice,21.99,25.0,3.0,"Rice, brown, cooked, no added fat",0.353,618.0,PUFA 18:2,G,0.8795999999999999,0.29319999999999996,11339.8,0.0019391876399936507,0.0006463958799978836,0.19391876399936508,0.06463958799978836,0.18311498016937214,5.461049658935879
482,Brown rice,21.99,25.0,3.0,"Rice, brown, cooked, no added fat",0.364,646.0,"Fatty acids, total polyunsaturated",G,0.8795999999999999,0.29319999999999996,11339.8,0.0019391876399936507,0.0006463958799978836,0.19391876399936508,0.06463958799978836,0.1775812857137043,5.6312240109140514
483,Brown rice,21.99,25.0,3.0,"Rice, brown, cooked, no added fat",0.0,630.0,MUFA 22:1,G,0.8795999999999999,0.29319999999999996,11339.8,0.0019391876399936507,0.0006463958799978836,0.19391876399936508,0.06463958799978836,inf,0.0
484,Brown rice,21.99,25.0,3.0,"Rice, brown, cooked, no added fat",0.0,601.0,Cholesterol,MG,0.8795999999999999,0.29319999999999996,11339.8,0.0019391876399936507,0.0006463958799978836,0.19391876399936508,0.06463958799978836,inf,0.0
485,Brown rice,21.99,25.0,3.0,"Rice, brown, cooked, no added fat",0.363,617.0,MUFA 18:1,G,0.8795999999999999,0.29319999999999996,11339.8,0.0019391876399936507,0.0006463958799978836,0.19391876399936508,0.06463958799978836,0.17807049035754371,5.615753615279672
486,Brown rice,21.99,25.0,3.0,"Rice, brown, cooked, no added fat",9.0,432.0,"Folate, food",UG,0.8795999999999999,0.29319999999999996,11339.8,0.0019391876399936507,0.0006463958799978836,0.19391876399936508,0.06463958799978836,0.007182176444420929,139.23356070941335
487,Brown rice,21.99,25.0,3.0,"Rice, brown, cooked, no added fat",9.0,417.0,"Folate, total",UG,0.8795999999999999,0.29319999999999996,11339.8,0.0019391876399936507,0.0006463958799978836,0.19391876399936508,0.06463958799978836,0.007182176444420929,139.23356070941335
488,Brown rice,21.99,25.0,3.0,"Rice, brown, cooked, no added fat",0.0,607.0,SFA 4:0,G,0.8795999999999999,0.29319999999999996,11339.8,0.0019391876399936507,0.0006463958799978836,0.19391876399936508,0.06463958799978836,inf,0.0
489,Brown rice,21.99,25.0,3.0,"Rice, brown, cooked, no added fat",0.197,613.0,SFA 16:0,G,0.8795999999999999,0.29319999999999996,11339.8,0.0019391876399936507,0.0006463958799978836,0.19391876399936508,0.06463958799978836,0.3281197360395348,3.047667939972715
490,Brown rice,21.99,25.0,3.0,"Rice, brown, cooked, no added fat",0.0,418.0,Vitamin B-12,UG,0.8795999999999999,0.29319999999999996,11339.8,0.0019391876399936507,0.0006463958799978836,0.19391876399936508,0.06463958799978836,inf,0.0
491,Brown rice,21.99,25.0,3.0,"Rice, brown, cooked, no added fat",0.259,606.0,"Fatty acids, total saturated",G,0.8795999999999999,0.29319999999999996,11339.8,0.0019391876399936507,0.0006463958799978836,0.19391876399936508,0.06463958799978836,0.2495736988408817,4.0068324693042285
492,Brown rice,21.99,25.0,3.0,"Rice, brown, cooked, no added fat",2.548,406.0,Niacin,MG,0.8795999999999999,0.29319999999999996,11339.8,0.0019391876399936507,0.0006463958799978836,0.19391876399936508,0.06463958799978836,0.025368755101957755,39.41856807639836
493,Brown rice,21.99,25.0,3.0,"Rice, brown, cooked, no added fat",0.009,612.0,SFA 14:0,G,0.8795999999999999,0.29319999999999996,11339.8,0.0019391876399936507,0.0006463958799978836,0.19391876399936508,0.06463958799978836,7.1821764444209295,0.13923356070941334
494,Brown rice,21.99,25.0,3.0,"Rice, brown, cooked, no added fat",0.015,610.0,SFA 10:0,G,0.8795999999999999,0.29319999999999996,11339.8,0.0019391876399936507,0.0006463958799978836,0.19391876399936508,0.06463958799978836,4.309305866652558,0.23205593451568893
495,Brown rice,21.99,25.0,3.0,"Rice, brown, cooked, no added fat",0.002,609.0,SFA 8:0,G,0.8795999999999999,0.29319999999999996,11339.8,0.0019391876399936507,0.0006463958799978836,0.19391876399936508,0.06463958799978836,32.31979399989418,0.030940791268758525
496,Brown rice,21.99,25.0,3.0,"Rice, brown, cooked, no added fat",0.122,415.0,Vitamin B-6,MG,0.8795999999999999,0.29319999999999996,11339.8,0.0019391876399936507,0.0006463958799978836,0.19391876399936508,0.06463958799978836,0.5298326885228555,1.88738826739427
497,Brown rice,21.99,25.0,3.0,"Rice, brown, cooked, no added fat",0.011,619.0,PUFA 18:3,G,0.8795999999999999,0.29319999999999996,11339.8,0.0019391876399936507,0.0006463958799978836,0.19391876399936508,0.06463958799978836,5.876326181798943,0.17017435197817188
498,Brown rice,21.99,25.0,3.0,"Rice, brown, cooked, no added fat",102.0,305.0,"Phosphorus, P",MG,0.8795999999999999,0.29319999999999996,11339.8,0.0019391876399936507,0.0006463958799978836,0.19391876399936508,0.06463958799978836,0.0006337214509783173,1577.9803547066847
499,Brown rice,21.99,25.0,3.0,"Rice, brown, cooked, no added fat",0.71,309.0,"Zinc, Zn",MG,0.8795999999999999,0.29319999999999996,11339.8,0.0019391876399936507,0.0006463958799978836,0.19391876399936508,0.06463958799978836,0.09104167323913855,10.983980900409275
500,Brown rice,21.99,25.0,3.0,"Rice, brown, cooked, no added fat",0.24,269.0,"Sugars, Total",G,0.8795999999999999,0.29319999999999996,11339.8,0.0019391876399936507,0.0006463958799978836,0.19391876399936508,0.06463958799978836,0.26933161666578487,3.712894952251023
501,Brown rice,21.99,25.0,3.0,"Rice, brown, cooked, no added fat",69.91,255.0,Water,G,0.8795999999999999,0.29319999999999996,11339.8,0.0019391876399936507,0.0006463958799978836,0.19391876399936508,0.06463958799978836,0.0009246114718894059,1081.5353587994541
502,Brown rice,21.99,25.0,3.0,"Rice, brown, cooked, no added fat",0.0,334.0,"Cryptoxanthin, beta",UG,0.8795999999999999,0.29319999999999996,11339.8,0.0019391876399936507,0.0006463958799978836,0.19391876399936508,0.06463958799978836,inf,0.0
503,Brown rice,21.99,25.0,3.0,"Rice, brown, cooked, no added fat",0.0,263.0,Theobromine,MG,0.8795999999999999,0.29319999999999996,11339.8,0.0019391876399936507,0.0006463958799978836,0.19391876399936508,0.06463958799978836,inf,0.0
504,Brown rice,21.99,25.0,3.0,"Rice, brown, cooked, no added fat",1.6,291.0,"Fiber, total dietary",G,0.8795999999999999,0.29319999999999996,11339.8,0.0019391876399936507,0.0006463958799978836,0.19391876399936508,0.06463958799978836,0.040399742499867726,24.752633015006822
505,Brown rice,21.99,25.0,3.0,"Rice, brown, cooked, no added fat",202.0,307.0,"Sodium, Na",MG,0.8795999999999999,0.29319999999999996,11339.8,0.0019391876399936507,0.0006463958799978836,0.19391876399936508,0.06463958799978836,0.00031999796039499187,3125.019918144611
506,Brown rice,21.99,25.0,3.0,"Rice, brown, cooked, no added fat",0.0,322.0,"Carotene, alpha",UG,0.8795999999999999,0.29319999999999996,11339.8,0.0019391876399936507,0.0006463958799978836,0.19391876399936508,0.06463958799978836,inf,0.0
507,Brown rice,21.99,25.0,3.0,"Rice, brown, cooked, no added fat",0.177,404.0,Thiamin,MG,0.8795999999999999,0.29319999999999996,11339.8,0.0019391876399936507,0.0006463958799978836,0.19391876399936508,0.06463958799978836,0.3651954124281829,2.738260027285129
508,Brown rice,21.99,25.0,3.0,"Rice, brown, cooked, no added fat",0.0,321.0,"Carotene, beta",UG,0.8795999999999999,0.29319999999999996,11339.8,0.0019391876399936507,0.0006463958799978836,0.19391876399936508,0.06463958799978836,inf,0.0
509,Brown rice,21.99,25.0,3.0,"Rice, brown, cooked, no added fat",0.105,312.0,"Copper, Cu",MG,0.8795999999999999,0.29319999999999996,11339.8,0.0019391876399936507,0.0006463958799978836,0.19391876399936508,0.06463958799978836,0.6156151238075083,1.6243915416098225
510,Brown rice,21.99,25.0,3.0,"Rice, brown, cooked, no added fat",39.0,304.0,"Magnesium, Mg",MG,0.8795999999999999,0.29319999999999996,11339.8,0.0019391876399936507,0.0006463958799978836,0.19391876399936508,0.06463958799978836,0.0016574253333279066,603.3454297407912
511,Brown rice,21.99,25.0,3.0,"Rice, brown, cooked, no added fat",0.0,338.0,Lutein + zeaxanthin,UG,0.8795999999999999,0.29319999999999996,11339.8,0.0019391876399936507,0.0006463958799978836,0.19391876399936508,0.06463958799978836,inf,0.0
512,Brown rice,21.99,25.0,3.0,"Rice, brown, cooked, no added fat",0.0,401.0,"Vitamin C, total ascorbic acid",MG,0.8795999999999999,0.29319999999999996,11339.8,0.0019391876399936507,0.0006463958799978836,0.19391876399936508,0.06463958799978836,inf,0.0
513,Brown rice,21.99,25.0,3.0,"Rice, brown, cooked, no added fat",0.0,319.0,Retinol,UG,0.8795999999999999,0.29319999999999996,11339.8,0.0019391876399936507,0.0006463958799978836,0.19391876399936508,0.06463958799978836,inf,0.0
514,Brown rice,21.99,25.0,3.0,"Rice, brown, cooked, no added fat",0.0,221.0,"Alcohol, ethyl",G,0.8795999999999999,0.29319999999999996,11339.8,0.0019391876399936507,0.0006463958799978836,0.19391876399936508,0.06463958799978836,inf,0.0
515,Brown rice,21.99,25.0,3.0,"Rice, brown, cooked, no added fat",0.0,262.0,Caffeine,MG,0.8795999999999999,0.29319999999999996,11339.8,0.0019391876399936507,0.0006463958799978836,0.19391876399936508,0.06463958799978836,inf,0.0
516,Brown rice,21.99,25.0,3.0,"Rice, brown, cooked, no added fat",25.45,205.0,"Carbohydrate, by difference",G,0.8795999999999999,0.29319999999999996,11339.8,0.0019391876399936507,0.0006463958799978836,0.19391876399936508,0.06463958799978836,0.0025398659331940417,393.7215688949522
517,Brown rice,21.99,25.0,3.0,"Rice, brown, cooked, no added fat",0.0,337.0,Lycopene,UG,0.8795999999999999,0.29319999999999996,11339.8,0.0019391876399936507,0.0006463958799978836,0.19391876399936508,0.06463958799978836,inf,0.0
518,Brown rice,21.99,25.0,3.0,"Rice, brown, cooked, no added fat",5.8,317.0,"Selenium, Se",UG,0.8795999999999999,0.29319999999999996,11339.8,0.0019391876399936507,0.0006463958799978836,0.19391876399936508,0.06463958799978836,0.01114475655168765,89.72829467939971
519,Brown rice,21.99,25.0,3.0,"Rice, brown, cooked, no added fat",3.0,301.0,"Calcium, Ca",MG,0.8795999999999999,0.29319999999999996,11339.8,0.0019391876399936507,0.0006463958799978836,0.19391876399936508,0.06463958799978836,0.021546529333262787,46.41118690313779
520,Brown rice,21.99,25.0,3.0,"Rice, brown, cooked, no added fat",0.56,303.0,"Iron, Fe",MG,0.8795999999999999,0.29319999999999996,11339.8,0.0019391876399936507,0.0006463958799978836,0.19391876399936508,0.06463958799978836,0.11542783571390777,8.663421555252388
521,Brown rice,21.99,25.0,3.0,"Rice, brown, cooked, no added fat",0.17,323.0,Vitamin E (alpha-tocopherol),MG,0.8795999999999999,0.29319999999999996,11339.8,0.0019391876399936507,0.0006463958799978836,0.19391876399936508,0.06463958799978836,0.38023287058699035,2.629967257844475
522,Brown rice,21.99,25.0,3.0,"Rice, brown, cooked, no added fat",0.96,204.0,Total lipid (fat),G,0.8795999999999999,0.29319999999999996,11339.8,0.0019391876399936507,0.0006463958799978836,0.19391876399936508,0.06463958799978836,0.06733290416644622,14.851579809004091
523,Brown rice,21.99,25.0,3.0,"Rice, brown, cooked, no added fat",2.73,203.0,Protein,G,0.8795999999999999,0.29319999999999996,11339.8,0.0019391876399936507,0.0006463958799978836,0.19391876399936508,0.06463958799978836,0.02367750476182724,42.234180081855385
524,Brown rice,21.99,25.0,3.0,"Rice, brown, cooked, no added fat",86.0,306.0,"Potassium, K",MG,0.8795999999999999,0.29319999999999996,11339.8,0.0019391876399936507,0.0006463958799978836,0.19391876399936508,0.06463958799978836,0.0007516231162766089,1330.4540245566166
525,Brown rice,21.99,25.0,3.0,"Rice, brown, cooked, no added fat",0.0,328.0,Vitamin D (D2 + D3),UG,0.8795999999999999,0.29319999999999996,11339.8,0.0019391876399936507,0.0006463958799978836,0.19391876399936508,0.06463958799978836,inf,0.0
526,Brown rice,21.99,25.0,3.0,"Rice, brown, cooked, no added fat",122.0,208.0,Energy,KCAL,0.8795999999999999,0.29319999999999996,11339.8,0.0019391876399936507,0.0006463958799978836,0.19391876399936508,0.06463958799978836,0.0005298326885228554,1887.3882673942699
527,Brown rice,21.99,25.0,3.0,"Rice, brown, cooked, no added fat",0.0,320.0,"Vitamin A, RAE",UG,0.8795999999999999,0.29319999999999996,11339.8,0.0019391876399936507,0.0006463958799978836,0.19391876399936508,0.06463958799978836,inf,0.0
528,Quinoa,55.49,25.0,3.0,"Quinoa, no added fat",22.9,421.0,"Choline, total",MG,2.2196000000000002,0.7398666666666667,11339.8,0.004893384363039913,0.0016311281210133045,0.4893384363039913,0.16311281210133047,0.007122830222765523,140.39363128491615
529,Quinoa,55.49,25.0,3.0,"Quinoa, no added fat",0.0,263.0,Theobromine,MG,2.2196000000000002,0.7398666666666667,11339.8,0.004893384363039913,0.0016311281210133045,0.4893384363039913,0.16311281210133047,inf,0.0
530,Quinoa,55.49,25.0,3.0,"Quinoa, no added fat",0.463,617.0,MUFA 18:1,G,2.2196000000000002,0.7398666666666667,11339.8,0.004893384363039913,0.0016311281210133045,0.4893384363039913,0.16311281210133047,0.3522954904996338,2.8385262569832395
531,Quinoa,55.49,25.0,3.0,"Quinoa, no added fat",1.48,303.0,"Iron, Fe",MG,2.2196000000000002,0.7398666666666667,11339.8,0.004893384363039913,0.0016311281210133045,0.4893384363039913,0.16311281210133047,0.11021135952792599,9.073474860335192
532,Quinoa,55.49,25.0,3.0,"Quinoa, no added fat",1.074,646.0,"Fatty acids, total polyunsaturated",G,2.2196000000000002,0.7398666666666667,11339.8,0.004893384363039913,0.0016311281210133045,0.4893384363039913,0.16311281210133047,0.15187412672377137,6.584399999999999
533,Quinoa,55.49,25.0,3.0,"Quinoa, no added fat",0.0,609.0,SFA 8:0,G,2.2196000000000002,0.7398666666666667,11339.8,0.004893384363039913,0.0016311281210133045,0.4893384363039913,0.16311281210133047,inf,0.0
534,Quinoa,55.49,25.0,3.0,"Quinoa, no added fat",0.23,606.0,"Fatty acids, total saturated",G,2.2196000000000002,0.7398666666666667,11339.8,0.004893384363039913,0.0016311281210133045,0.4893384363039913,0.16311281210133047,0.709186139571002,1.410067039106145
535,Quinoa,55.49,25.0,3.0,"Quinoa, no added fat",0.0,601.0,Cholesterol,MG,2.2196000000000002,0.7398666666666667,11339.8,0.004893384363039913,0.0016311281210133045,0.4893384363039913,0.16311281210133047,inf,0.0
536,Quinoa,55.49,25.0,3.0,"Quinoa, no added fat",0.526,645.0,"Fatty acids, total monounsaturated",G,2.2196000000000002,0.7398666666666667,11339.8,0.004893384363039913,0.0016311281210133045,0.4893384363039913,0.16311281210133047,0.3101004032344686,3.2247620111731834
537,Quinoa,55.49,25.0,3.0,"Quinoa, no added fat",0.085,619.0,PUFA 18:3,G,2.2196000000000002,0.7398666666666667,11339.8,0.004893384363039913,0.0016311281210133045,0.4893384363039913,0.16311281210133047,1.9189742600156525,0.5211117318435753
538,Quinoa,55.49,25.0,3.0,"Quinoa, no added fat",0.107,404.0,Thiamin,MG,2.2196000000000002,0.7398666666666667,11339.8,0.004893384363039913,0.0016311281210133045,0.4893384363039913,0.16311281210133047,1.5244188046853315,0.6559877094972065
539,Quinoa,55.49,25.0,3.0,"Quinoa, no added fat",0.0,578.0,"Vitamin B-12, added",UG,2.2196000000000002,0.7398666666666667,11339.8,0.004893384363039913,0.0016311281210133045,0.4893384363039913,0.16311281210133047,inf,0.0
540,Quinoa,55.49,25.0,3.0,"Quinoa, no added fat",0.0,430.0,Vitamin K (phylloquinone),UG,2.2196000000000002,0.7398666666666667,11339.8,0.004893384363039913,0.0016311281210133045,0.4893384363039913,0.16311281210133047,inf,0.0
541,Quinoa,55.49,25.0,3.0,"Quinoa, no added fat",0.0,608.0,SFA 6:0,G,2.2196000000000002,0.7398666666666667,11339.8,0.004893384363039913,0.0016311281210133045,0.4893384363039913,0.16311281210133047,inf,0.0
542,Quinoa,55.49,25.0,3.0,"Quinoa, no added fat",0.0,629.0,PUFA 20:5 n-3 (EPA),G,2.2196000000000002,0.7398666666666667,11339.8,0.004893384363039913,0.0016311281210133045,0.4893384363039913,0.16311281210133047,inf,0.0
543,Quinoa,55.49,25.0,3.0,"Quinoa, no added fat",0.0,334.0,"Cryptoxanthin, beta",UG,2.2196000000000002,0.7398666666666667,11339.8,0.004893384363039913,0.0016311281210133045,0.4893384363039913,0.16311281210133047,inf,0.0
544,Quinoa,55.49,25.0,3.0,"Quinoa, no added fat",0.031,628.0,MUFA 20:1,G,2.2196000000000002,0.7398666666666667,11339.8,0.004893384363039913,0.0016311281210133045,0.4893384363039913,0.16311281210133047,5.261703616171951,0.19005251396648037
545,Quinoa,55.49,25.0,3.0,"Quinoa, no added fat",0.0,431.0,Folic acid,UG,2.2196000000000002,0.7398666666666667,11339.8,0.004893384363039913,0.0016311281210133045,0.4893384363039913,0.16311281210133047,inf,0.0
546,Quinoa,55.49,25.0,3.0,"Quinoa, no added fat",3.0,321.0,"Carotene, beta",UG,2.2196000000000002,0.7398666666666667,11339.8,0.004893384363039913,0.0016311281210133045,0.4893384363039913,0.16311281210133047,0.054370937367110156,18.392178770949716
547,Quinoa,55.49,25.0,3.0,"Quinoa, no added fat",0.0,573.0,"Vitamin E, added",MG,2.2196000000000002,0.7398666666666667,11339.8,0.004893384363039913,0.0016311281210133045,0.4893384363039913,0.16311281210133047,inf,0.0
548,Quinoa,55.49,25.0,3.0,"Quinoa, no added fat",0.0,626.0,MUFA 16:1,G,2.2196000000000002,0.7398666666666667,11339.8,0.004893384363039913,0.0016311281210133045,0.4893384363039913,0.16311281210133047,inf,0.0
549,Quinoa,55.49,25.0,3.0,"Quinoa, no added fat",64.0,304.0,"Magnesium, Mg",MG,2.2196000000000002,0.7398666666666667,11339.8,0.004893384363039913,0.0016311281210133045,0.4893384363039913,0.16311281210133047,0.0025486376890832886,392.36648044692726
550,Quinoa,55.49,25.0,3.0,"Quinoa, no added fat",17.0,301.0,"Calcium, Ca",MG,2.2196000000000002,0.7398666666666667,11339.8,0.004893384363039913,0.0016311281210133045,0.4893384363039913,0.16311281210133047,0.009594871300078262,104.22234636871505
551,Quinoa,55.49,25.0,3.0,"Quinoa, no added fat",0.0,610.0,SFA 10:0,G,2.2196000000000002,0.7398666666666667,11339.8,0.004893384363039913,0.0016311281210133045,0.4893384363039913,0.16311281210133047,inf,0.0
552,Quinoa,55.49,25.0,3.0,"Quinoa, no added fat",0.0,611.0,SFA 12:0,G,2.2196000000000002,0.7398666666666667,11339.8,0.004893384363039913,0.0016311281210133045,0.4893384363039913,0.16311281210133047,inf,0.0
553,Quinoa,55.49,25.0,3.0,"Quinoa, no added fat",0.0,418.0,Vitamin B-12,UG,2.2196000000000002,0.7398666666666667,11339.8,0.004893384363039913,0.0016311281210133045,0.4893384363039913,0.16311281210133047,inf,0.0
554,Quinoa,55.49,25.0,3.0,"Quinoa, no added fat",0.0,262.0,Caffeine,MG,2.2196000000000002,0.7398666666666667,11339.8,0.004893384363039913,0.0016311281210133045,0.4893384363039913,0.16311281210133047,inf,0.0
555,Quinoa,55.49,25.0,3.0,"Quinoa, no added fat",21.21,205.0,"Carbohydrate, by difference",G,2.2196000000000002,0.7398666666666667,11339.8,0.004893384363039913,0.0016311281210133045,0.4893384363039913,0.16311281210133047,0.007690373036366358,130.0327039106145
556,Quinoa,55.49,25.0,3.0,"Quinoa, no added fat",1.91,204.0,Total lipid (fat),G,2.2196000000000002,0.7398666666666667,11339.8,0.004893384363039913,0.0016311281210133045,0.4893384363039913,0.16311281210133047,0.08539937806352381,11.709687150837985
557,Quinoa,55.49,25.0,3.0,"Quinoa, no added fat",0.0,322.0,"Carotene, alpha",UG,2.2196000000000002,0.7398666666666667,11339.8,0.004893384363039913,0.0016311281210133045,0.4893384363039913,0.16311281210133047,inf,0.0
558,Quinoa,55.49,25.0,3.0,"Quinoa, no added fat",0.0,319.0,Retinol,UG,2.2196000000000002,0.7398666666666667,11339.8,0.004893384363039913,0.0016311281210133045,0.4893384363039913,0.16311281210133047,inf,0.0
559,Quinoa,55.49,25.0,3.0,"Quinoa, no added fat",0.195,613.0,SFA 16:0,G,2.2196000000000002,0.7398666666666667,11339.8,0.004893384363039913,0.0016311281210133045,0.4893384363039913,0.16311281210133047,0.8364759594940023,1.1954916201117316
560,Quinoa,55.49,25.0,3.0,"Quinoa, no added fat",0.123,415.0,Vitamin B-6,MG,2.2196000000000002,0.7398666666666667,11339.8,0.004893384363039913,0.0016311281210133045,0.4893384363039913,0.16311281210133047,1.3261204235880526,0.7540793296089383
561,Quinoa,55.49,25.0,3.0,"Quinoa, no added fat",0.012,614.0,SFA 18:0,G,2.2196000000000002,0.7398666666666667,11339.8,0.004893384363039913,0.0016311281210133045,0.4893384363039913,0.16311281210133047,13.592734341777538,0.07356871508379886
562,Quinoa,55.49,25.0,3.0,"Quinoa, no added fat",0.191,312.0,"Copper, Cu",MG,2.2196000000000002,0.7398666666666667,11339.8,0.004893384363039913,0.0016311281210133045,0.4893384363039913,0.16311281210133047,0.853993780635238,1.1709687150837986
563,Quinoa,55.49,25.0,3.0,"Quinoa, no added fat",0.11,405.0,Riboflavin,MG,2.2196000000000002,0.7398666666666667,11339.8,0.004893384363039913,0.0016311281210133045,0.4893384363039913,0.16311281210133047,1.4828437463757316,0.6743798882681562
564,Quinoa,55.49,25.0,3.0,"Quinoa, no added fat",71.32,255.0,Water,G,2.2196000000000002,0.7398666666666667,11339.8,0.004893384363039913,0.0016311281210133045,0.4893384363039913,0.16311281210133047,0.0022870556940736185,437.2433966480445
565,Quinoa,55.49,25.0,3.0,"Quinoa, no added fat",0.87,269.0,"Sugars, Total",G,2.2196000000000002,0.7398666666666667,11339.8,0.004893384363039913,0.0016311281210133045,0.4893384363039913,0.16311281210133047,0.18748599092106952,5.333731843575418
566,Quinoa,55.49,25.0,3.0,"Quinoa, no added fat",42.0,417.0,"Folate, total",UG,2.2196000000000002,0.7398666666666667,11339.8,0.004893384363039913,0.0016311281210133045,0.4893384363039913,0.16311281210133047,0.003883638383365011,257.490502793296
567,Quinoa,55.49,25.0,3.0,"Quinoa, no added fat",2.8,291.0,"Fiber, total dietary",G,2.2196000000000002,0.7398666666666667,11339.8,0.004893384363039913,0.0016311281210133045,0.4893384363039913,0.16311281210133047,0.05825457575047517,17.166033519553068
568,Quinoa,55.49,25.0,3.0,"Quinoa, no added fat",4.38,203.0,Protein,G,2.2196000000000002,0.7398666666666667,11339.8,0.004893384363039913,0.0016311281210133045,0.4893384363039913,0.16311281210133047,0.03724036805966449,26.852581005586583
569,Quinoa,55.49,25.0,3.0,"Quinoa, no added fat",0.0,612.0,SFA 14:0,G,2.2196000000000002,0.7398666666666667,11339.8,0.004893384363039913,0.0016311281210133045,0.4893384363039913,0.16311281210133047,inf,0.0
570,Quinoa,55.49,25.0,3.0,"Quinoa, no added fat",0.0,627.0,PUFA 18:4,G,2.2196000000000002,0.7398666666666667,11339.8,0.004893384363039913,0.0016311281210133045,0.4893384363039913,0.16311281210133047,inf,0.0
571,Quinoa,55.49,25.0,3.0,"Quinoa, no added fat",53.0,338.0,Lutein + zeaxanthin,UG,2.2196000000000002,0.7398666666666667,11339.8,0.004893384363039913,0.0016311281210133045,0.4893384363039913,0.16311281210133047,0.00307760022832699,324.92849162011163
572,Quinoa,55.49,25.0,3.0,"Quinoa, no added fat",171.0,306.0,"Potassium, K",MG,2.2196000000000002,0.7398666666666667,11339.8,0.004893384363039913,0.0016311281210133045,0.4893384363039913,0.16311281210133047,0.0009538760941598273,1048.3541899441339
573,Quinoa,55.49,25.0,3.0,"Quinoa, no added fat",163.0,307.0,"Sodium, Na",MG,2.2196000000000002,0.7398666666666667,11339.8,0.004893384363039913,0.0016311281210133045,0.4893384363039913,0.16311281210133047,0.0010006920987811684,999.3083798882678
574,Quinoa,55.49,25.0,3.0,"Quinoa, no added fat",0.027,630.0,MUFA 22:1,G,2.2196000000000002,0.7398666666666667,11339.8,0.004893384363039913,0.0016311281210133045,0.4893384363039913,0.16311281210133047,6.04121526301224,0.16552960893854743
575,Quinoa,55.49,25.0,3.0,"Quinoa, no added fat",0.0,320.0,"Vitamin A, RAE",UG,2.2196000000000002,0.7398666666666667,11339.8,0.004893384363039913,0.0016311281210133045,0.4893384363039913,0.16311281210133047,inf,0.0
576,Quinoa,55.49,25.0,3.0,"Quinoa, no added fat",0.0,337.0,Lycopene,UG,2.2196000000000002,0.7398666666666667,11339.8,0.004893384363039913,0.0016311281210133045,0.4893384363039913,0.16311281210133047,inf,0.0
577,Quinoa,55.49,25.0,3.0,"Quinoa, no added fat",1.09,309.0,"Zinc, Zn",MG,2.2196000000000002,0.7398666666666667,11339.8,0.004893384363039913,0.0016311281210133045,0.4893384363039913,0.16311281210133047,0.14964478174433987,6.682491620111731
578,Quinoa,55.49,25.0,3.0,"Quinoa, no added fat",151.0,305.0,"Phosphorus, P",MG,2.2196000000000002,0.7398666666666667,11339.8,0.004893384363039913,0.0016311281210133045,0.4893384363039913,0.16311281210133047,0.0010802172986843078,925.739664804469
579,Quinoa,55.49,25.0,3.0,"Quinoa, no added fat",0.0,401.0,"Vitamin C, total ascorbic acid",MG,2.2196000000000002,0.7398666666666667,11339.8,0.004893384363039913,0.0016311281210133045,0.4893384363039913,0.16311281210133047,inf,0.0
580,Quinoa,55.49,25.0,3.0,"Quinoa, no added fat",2.8,317.0,"Selenium, Se",UG,2.2196000000000002,0.7398666666666667,11339.8,0.004893384363039913,0.0016311281210133045,0.4893384363039913,0.16311281210133047,0.05825457575047517,17.166033519553068
581,Quinoa,55.49,25.0,3.0,"Quinoa, no added fat",0.63,323.0,Vitamin E (alpha-tocopherol),MG,2.2196000000000002,0.7398666666666667,11339.8,0.004893384363039913,0.0016311281210133045,0.4893384363039913,0.16311281210133047,0.25890922555766743,3.8623575418994402
582,Quinoa,55.49,25.0,3.0,"Quinoa, no added fat",0.0,221.0,"Alcohol, ethyl",G,2.2196000000000002,0.7398666666666667,11339.8,0.004893384363039913,0.0016311281210133045,0.4893384363039913,0.16311281210133047,inf,0.0
583,Quinoa,55.49,25.0,3.0,"Quinoa, no added fat",0.003,620.0,PUFA 20:4,G,2.2196000000000002,0.7398666666666667,11339.8,0.004893384363039913,0.0016311281210133045,0.4893384363039913,0.16311281210133047,54.37093736711015,0.018392178770949716
584,Quinoa,55.49,25.0,3.0,"Quinoa, no added fat",0.41,406.0,Niacin,MG,2.2196000000000002,0.7398666666666667,11339.8,0.004893384363039913,0.0016311281210133045,0.4893384363039913,0.16311281210133047,0.3978361270764158,2.5135977653631274
585,Quinoa,55.49,25.0,3.0,"Quinoa, no added fat",0.015,621.0,PUFA 22:6 n-3 (DHA),G,2.2196000000000002,0.7398666666666667,11339.8,0.004893384363039913,0.0016311281210133045,0.4893384363039913,0.16311281210133047,10.874187473422031,0.09196089385474857
586,Quinoa,55.49,25.0,3.0,"Quinoa, no added fat",42.0,432.0,"Folate, food",UG,2.2196000000000002,0.7398666666666667,11339.8,0.004893384363039913,0.0016311281210133045,0.4893384363039913,0.16311281210133047,0.003883638383365011,257.490502793296
587,Quinoa,55.49,25.0,3.0,"Quinoa, no added fat",0.0,607.0,SFA 4:0,G,2.2196000000000002,0.7398666666666667,11339.8,0.004893384363039913,0.0016311281210133045,0.4893384363039913,0.16311281210133047,inf,0.0
588,Quinoa,55.49,25.0,3.0,"Quinoa, no added fat",0.97,618.0,PUFA 18:2,G,2.2196000000000002,0.7398666666666667,11339.8,0.004893384363039913,0.0016311281210133045,0.4893384363039913,0.16311281210133047,0.1681575382487943,5.946804469273741
589,Quinoa,55.49,25.0,3.0,"Quinoa, no added fat",42.0,435.0,"Folate, DFE",UG,2.2196000000000002,0.7398666666666667,11339.8,0.004893384363039913,0.0016311281210133045,0.4893384363039913,0.16311281210133047,0.003883638383365011,257.490502793296
590,Quinoa,55.49,25.0,3.0,"Quinoa, no added fat",120.0,208.0,Energy,KCAL,2.2196000000000002,0.7398666666666667,11339.8,0.004893384363039913,0.0016311281210133045,0.4893384363039913,0.16311281210133047,0.001359273434177754,735.6871508379886
591,Quinoa,55.49,25.0,3.0,"Quinoa, no added fat",0.0,631.0,PUFA 22:5 n-3 (DPA),G,2.2196000000000002,0.7398666666666667,11339.8,0.004893384363039913,0.0016311281210133045,0.4893384363039913,0.16311281210133047,inf,0.0
592,Quinoa,55.49,25.0,3.0,"Quinoa, no added fat",0.0,328.0,Vitamin D (D2 + D3),UG,2.2196000000000002,0.7398666666666667,11339.8,0.004893384363039913,0.0016311281210133045,0.4893384363039913,0.16311281210133047,inf,0.0
593,White Rice,17.99,40.0,3.0,"Rice, cooked, NFS",0.005,614.0,SFA 18:0,G,0.44975,0.14991666666666664,18143.68,0.0009915298329776538,0.0003305099443258846,0.09915298329776538,0.033050994432588465,6.610198886517693,0.15128137854363535
594,White Rice,17.99,40.0,3.0,"Rice, cooked, NFS",27.99,205.0,"Carbohydrate, by difference",G,0.44975,0.14991666666666664,18143.68,0.0009915298329776538,0.0003305099443258846,0.09915298329776538,0.033050994432588465,0.001180814377727348,846.8731570872707
595,White Rice,17.99,40.0,3.0,"Rice, cooked, NFS",0.0,322.0,"Carotene, alpha",UG,0.44975,0.14991666666666664,18143.68,0.0009915298329776538,0.0003305099443258846,0.09915298329776538,0.033050994432588465,inf,0.0
596,White Rice,17.99,40.0,3.0,"Rice, cooked, NFS",0.0,221.0,"Alcohol, ethyl",G,0.44975,0.14991666666666664,18143.68,0.0009915298329776538,0.0003305099443258846,0.09915298329776538,0.033050994432588465,inf,0.0
597,White Rice,17.99,40.0,3.0,"Rice, cooked, NFS",245.0,307.0,"Sodium, Na",MG,0.44975,0.14991666666666664,18143.68,0.0009915298329776538,0.0003305099443258846,0.09915298329776538,0.033050994432588465,0.00013490201809219783,7412.787548638132
598,White Rice,17.99,40.0,3.0,"Rice, cooked, NFS",0.0,628.0,MUFA 20:1,G,0.44975,0.14991666666666664,18143.68,0.0009915298329776538,0.0003305099443258846,0.09915298329776538,0.033050994432588465,inf,0.0
599,White Rice,17.99,40.0,3.0,"Rice, cooked, NFS",0.0,328.0,Vitamin D (D2 + D3),UG,0.44975,0.14991666666666664,18143.68,0.0009915298329776538,0.0003305099443258846,0.09915298329776538,0.033050994432588465,inf,0.0
600,White Rice,17.99,40.0,3.0,"Rice, cooked, NFS",0.0,607.0,SFA 4:0,G,0.44975,0.14991666666666664,18143.68,0.0009915298329776538,0.0003305099443258846,0.09915298329776538,0.033050994432588465,inf,0.0
601,White Rice,17.99,40.0,3.0,"Rice, cooked, NFS",0.069,312.0,"Copper, Cu",MG,0.44975,0.14991666666666664,18143.68,0.0009915298329776538,0.0003305099443258846,0.09915298329776538,0.033050994432588465,0.4789999193128763,2.087683023902168
602,White Rice,17.99,40.0,3.0,"Rice, cooked, NFS",0.0,334.0,"Cryptoxanthin, beta",UG,0.44975,0.14991666666666664,18143.68,0.0009915298329776538,0.0003305099443258846,0.09915298329776538,0.033050994432588465,inf,0.0
603,White Rice,17.99,40.0,3.0,"Rice, cooked, NFS",0.0,321.0,"Carotene, beta",UG,0.44975,0.14991666666666664,18143.68,0.0009915298329776538,0.0003305099443258846,0.09915298329776538,0.033050994432588465,inf,0.0
604,White Rice,17.99,40.0,3.0,"Rice, cooked, NFS",58.0,417.0,"Folate, total",UG,0.44975,0.14991666666666664,18143.68,0.0009915298329776538,0.0003305099443258846,0.09915298329776538,0.033050994432588465,0.0005698447315963528,1754.86399110617
605,White Rice,17.99,40.0,3.0,"Rice, cooked, NFS",10.0,301.0,"Calcium, Ca",MG,0.44975,0.14991666666666664,18143.68,0.0009915298329776538,0.0003305099443258846,0.09915298329776538,0.033050994432588465,0.0033050994432588464,302.5627570872707
606,White Rice,17.99,40.0,3.0,"Rice, cooked, NFS",0.087,645.0,"Fatty acids, total monounsaturated",G,0.44975,0.14991666666666664,18143.68,0.0009915298329776538,0.0003305099443258846,0.09915298329776538,0.033050994432588465,0.3798964877309019,2.632295986659255
607,White Rice,17.99,40.0,3.0,"Rice, cooked, NFS",0.0,578.0,"Vitamin B-12, added",UG,0.44975,0.14991666666666664,18143.68,0.0009915298329776538,0.0003305099443258846,0.09915298329776538,0.033050994432588465,inf,0.0
608,White Rice,17.99,40.0,3.0,"Rice, cooked, NFS",0.0,338.0,Lutein + zeaxanthin,UG,0.44975,0.14991666666666664,18143.68,0.0009915298329776538,0.0003305099443258846,0.09915298329776538,0.033050994432588465,inf,0.0
609,White Rice,17.99,40.0,3.0,"Rice, cooked, NFS",0.013,405.0,Riboflavin,MG,0.44975,0.14991666666666664,18143.68,0.0009915298329776538,0.0003305099443258846,0.09915298329776538,0.033050994432588465,2.54238418712219,0.3933315842134519
610,White Rice,17.99,40.0,3.0,"Rice, cooked, NFS",0.0,337.0,Lycopene,UG,0.44975,0.14991666666666664,18143.68,0.0009915298329776538,0.0003305099443258846,0.09915298329776538,0.033050994432588465,inf,0.0
611,White Rice,17.99,40.0,3.0,"Rice, cooked, NFS",0.001,626.0,MUFA 16:1,G,0.44975,0.14991666666666664,18143.68,0.0009915298329776538,0.0003305099443258846,0.09915298329776538,0.033050994432588465,33.05099443258847,0.03025627570872707
612,White Rice,17.99,40.0,3.0,"Rice, cooked, NFS",0.0,611.0,SFA 12:0,G,0.44975,0.14991666666666664,18143.68,0.0009915298329776538,0.0003305099443258846,0.09915298329776538,0.033050994432588465,inf,0.0
613,White Rice,17.99,40.0,3.0,"Rice, cooked, NFS",0.0,418.0,Vitamin B-12,UG,0.44975,0.14991666666666664,18143.68,0.0009915298329776538,0.0003305099443258846,0.09915298329776538,0.033050994432588465,inf,0.0
614,White Rice,17.99,40.0,3.0,"Rice, cooked, NFS",0.0,319.0,Retinol,UG,0.44975,0.14991666666666664,18143.68,0.0009915298329776538,0.0003305099443258846,0.09915298329776538,0.033050994432588465,inf,0.0
615,White Rice,17.99,40.0,3.0,"Rice, cooked, NFS",0.4,291.0,"Fiber, total dietary",G,0.44975,0.14991666666666664,18143.68,0.0009915298329776538,0.0003305099443258846,0.09915298329776538,0.033050994432588465,0.08262748608147116,12.102510283490828
616,White Rice,17.99,40.0,3.0,"Rice, cooked, NFS",0.0,621.0,PUFA 22:6 n-3 (DHA),G,0.44975,0.14991666666666664,18143.68,0.0009915298329776538,0.0003305099443258846,0.09915298329776538,0.033050994432588465,inf,0.0
617,White Rice,17.99,40.0,3.0,"Rice, cooked, NFS",0.0,601.0,Cholesterol,MG,0.44975,0.14991666666666664,18143.68,0.0009915298329776538,0.0003305099443258846,0.09915298329776538,0.033050994432588465,inf,0.0
618,White Rice,17.99,40.0,3.0,"Rice, cooked, NFS",0.076,646.0,"Fatty acids, total polyunsaturated",G,0.44975,0.14991666666666664,18143.68,0.0009915298329776538,0.0003305099443258846,0.09915298329776538,0.033050994432588465,0.4348815056919535,2.299476953863257
619,White Rice,17.99,40.0,3.0,"Rice, cooked, NFS",129.0,208.0,Energy,KCAL,0.44975,0.14991666666666664,18143.68,0.0009915298329776538,0.0003305099443258846,0.09915298329776538,0.033050994432588465,0.00025620925916735243,3903.059566425792
620,White Rice,17.99,40.0,3.0,"Rice, cooked, NFS",0.013,619.0,PUFA 18:3,G,0.44975,0.14991666666666664,18143.68,0.0009915298329776538,0.0003305099443258846,0.09915298329776538,0.033050994432588465,2.54238418712219,0.3933315842134519
621,White Rice,17.99,40.0,3.0,"Rice, cooked, NFS",0.062,618.0,PUFA 18:2,G,0.44975,0.14991666666666664,18143.68,0.0009915298329776538,0.0003305099443258846,0.09915298329776538,0.033050994432588465,0.5330805553643301,1.8758890939410784
622,White Rice,17.99,40.0,3.0,"Rice, cooked, NFS",3.0,432.0,"Folate, food",UG,0.44975,0.14991666666666664,18143.68,0.0009915298329776538,0.0003305099443258846,0.09915298329776538,0.033050994432588465,0.011016998144196155,90.76882712618121
623,White Rice,17.99,40.0,3.0,"Rice, cooked, NFS",0.0,630.0,MUFA 22:1,G,0.44975,0.14991666666666664,18143.68,0.0009915298329776538,0.0003305099443258846,0.09915298329776538,0.033050994432588465,inf,0.0
624,White Rice,17.99,40.0,3.0,"Rice, cooked, NFS",1.467,406.0,Niacin,MG,0.44975,0.14991666666666664,18143.68,0.0009915298329776538,0.0003305099443258846,0.09915298329776538,0.033050994432588465,0.022529648556638353,44.385956464702616
625,White Rice,17.99,40.0,3.0,"Rice, cooked, NFS",55.0,431.0,Folic acid,UG,0.44975,0.14991666666666664,18143.68,0.0009915298329776538,0.0003305099443258846,0.09915298329776538,0.033050994432588465,0.0006009271715016085,1664.095163979989
626,White Rice,17.99,40.0,3.0,"Rice, cooked, NFS",0.04,323.0,Vitamin E (alpha-tocopherol),MG,0.44975,0.14991666666666664,18143.68,0.0009915298329776538,0.0003305099443258846,0.09915298329776538,0.033050994432588465,0.8262748608147116,1.2102510283490828
627,White Rice,17.99,40.0,3.0,"Rice, cooked, NFS",0.162,404.0,Thiamin,MG,0.44975,0.14991666666666664,18143.68,0.0009915298329776538,0.0003305099443258846,0.09915298329776538,0.033050994432588465,0.20401848415178064,4.901516664813785
628,White Rice,17.99,40.0,3.0,"Rice, cooked, NFS",12.0,304.0,"Magnesium, Mg",MG,0.44975,0.14991666666666664,18143.68,0.0009915298329776538,0.0003305099443258846,0.09915298329776538,0.033050994432588465,0.0027542495360490388,363.07530850472483
629,White Rice,17.99,40.0,3.0,"Rice, cooked, NFS",0.0,573.0,"Vitamin E, added",MG,0.44975,0.14991666666666664,18143.68,0.0009915298329776538,0.0003305099443258846,0.09915298329776538,0.033050994432588465,inf,0.0
630,White Rice,17.99,40.0,3.0,"Rice, cooked, NFS",43.0,305.0,"Phosphorus, P",MG,0.44975,0.14991666666666664,18143.68,0.0009915298329776538,0.0003305099443258846,0.09915298329776538,0.033050994432588465,0.0007686277775020573,1301.019855475264
631,White Rice,17.99,40.0,3.0,"Rice, cooked, NFS",0.49,309.0,"Zinc, Zn",MG,0.44975,0.14991666666666664,18143.68,0.0009915298329776538,0.0003305099443258846,0.09915298329776538,0.033050994432588465,0.06745100904609891,14.825575097276264
632,White Rice,17.99,40.0,3.0,"Rice, cooked, NFS",0.0,401.0,"Vitamin C, total ascorbic acid",MG,0.44975,0.14991666666666664,18143.68,0.0009915298329776538,0.0003305099443258846,0.09915298329776538,0.033050994432588465,inf,0.0
633,White Rice,17.99,40.0,3.0,"Rice, cooked, NFS",35.0,306.0,"Potassium, K",MG,0.44975,0.14991666666666664,18143.68,0.0009915298329776538,0.0003305099443258846,0.09915298329776538,0.033050994432588465,0.0009443141266453847,1058.9696498054475
634,White Rice,17.99,40.0,3.0,"Rice, cooked, NFS",0.0,610.0,SFA 10:0,G,0.44975,0.14991666666666664,18143.68,0.0009915298329776538,0.0003305099443258846,0.09915298329776538,0.033050994432588465,inf,0.0
635,White Rice,17.99,40.0,3.0,"Rice, cooked, NFS",0.0,262.0,Caffeine,MG,0.44975,0.14991666666666664,18143.68,0.0009915298329776538,0.0003305099443258846,0.09915298329776538,0.033050994432588465,inf,0.0
636,White Rice,17.99,40.0,3.0,"Rice, cooked, NFS",2.67,203.0,Protein,G,0.44975,0.14991666666666664,18143.68,0.0009915298329776538,0.0003305099443258846,0.09915298329776538,0.033050994432588465,0.0123786496002204,80.78425614230127
637,White Rice,17.99,40.0,3.0,"Rice, cooked, NFS",0.077,606.0,"Fatty acids, total saturated",G,0.44975,0.14991666666666664,18143.68,0.0009915298329776538,0.0003305099443258846,0.09915298329776538,0.033050994432588465,0.42923369392972033,2.329733229571984
638,White Rice,17.99,40.0,3.0,"Rice, cooked, NFS",0.0,627.0,PUFA 18:4,G,0.44975,0.14991666666666664,18143.68,0.0009915298329776538,0.0003305099443258846,0.09915298329776538,0.033050994432588465,inf,0.0
639,White Rice,17.99,40.0,3.0,"Rice, cooked, NFS",2.1,421.0,"Choline, total",MG,0.44975,0.14991666666666664,18143.68,0.0009915298329776538,0.0003305099443258846,0.09915298329776538,0.033050994432588465,0.01573856877742308,63.53817898832685
640,White Rice,17.99,40.0,3.0,"Rice, cooked, NFS",0.0,263.0,Theobromine,MG,0.44975,0.14991666666666664,18143.68,0.0009915298329776538,0.0003305099443258846,0.09915298329776538,0.033050994432588465,inf,0.0
641,White Rice,17.99,40.0,3.0,"Rice, cooked, NFS",0.0,631.0,PUFA 22:5 n-3 (DPA),G,0.44975,0.14991666666666664,18143.68,0.0009915298329776538,0.0003305099443258846,0.09915298329776538,0.033050994432588465,inf,0.0
642,White Rice,17.99,40.0,3.0,"Rice, cooked, NFS",0.002,612.0,SFA 14:0,G,0.44975,0.14991666666666664,18143.68,0.0009915298329776538,0.0003305099443258846,0.09915298329776538,0.033050994432588465,16.525497216294234,0.06051255141745414
643,White Rice,17.99,40.0,3.0,"Rice, cooked, NFS",0.0,620.0,PUFA 20:4,G,0.44975,0.14991666666666664,18143.68,0.0009915298329776538,0.0003305099443258846,0.09915298329776538,0.033050994432588465,inf,0.0
644,White Rice,17.99,40.0,3.0,"Rice, cooked, NFS",0.069,613.0,SFA 16:0,G,0.44975,0.14991666666666664,18143.68,0.0009915298329776538,0.0003305099443258846,0.09915298329776538,0.033050994432588465,0.4789999193128763,2.087683023902168
645,White Rice,17.99,40.0,3.0,"Rice, cooked, NFS",0.0,609.0,SFA 8:0,G,0.44975,0.14991666666666664,18143.68,0.0009915298329776538,0.0003305099443258846,0.09915298329776538,0.033050994432588465,inf,0.0
646,White Rice,17.99,40.0,3.0,"Rice, cooked, NFS",0.0,608.0,SFA 6:0,G,0.44975,0.14991666666666664,18143.68,0.0009915298329776538,0.0003305099443258846,0.09915298329776538,0.033050994432588465,inf,0.0
647,White Rice,17.99,40.0,3.0,"Rice, cooked, NFS",0.0,320.0,"Vitamin A, RAE",UG,0.44975,0.14991666666666664,18143.68,0.0009915298329776538,0.0003305099443258846,0.09915298329776538,0.033050994432588465,inf,0.0
648,White Rice,17.99,40.0,3.0,"Rice, cooked, NFS",0.092,415.0,Vitamin B-6,MG,0.44975,0.14991666666666664,18143.68,0.0009915298329776538,0.0003305099443258846,0.09915298329776538,0.033050994432588465,0.3592499394846572,2.7835773652028903
649,White Rice,17.99,40.0,3.0,"Rice, cooked, NFS",0.28,204.0,Total lipid (fat),G,0.44975,0.14991666666666664,18143.68,0.0009915298329776538,0.0003305099443258846,0.09915298329776538,0.033050994432588465,0.11803926583067308,8.47175719844358
650,White Rice,17.99,40.0,3.0,"Rice, cooked, NFS",0.0,629.0,PUFA 20:5 n-3 (EPA),G,0.44975,0.14991666666666664,18143.68,0.0009915298329776538,0.0003305099443258846,0.09915298329776538,0.033050994432588465,inf,0.0
651,White Rice,17.99,40.0,3.0,"Rice, cooked, NFS",68.01,255.0,Water,G,0.44975,0.14991666666666664,18143.68,0.0009915298329776538,0.0003305099443258846,0.09915298329776538,0.033050994432588465,0.0004859725692190628,2057.729310950528
652,White Rice,17.99,40.0,3.0,"Rice, cooked, NFS",96.0,435.0,"Folate, DFE",UG,0.44975,0.14991666666666664,18143.68,0.0009915298329776538,0.0003305099443258846,0.09915298329776538,0.033050994432588465,0.00034428119200612985,2904.6024680377986
653,White Rice,17.99,40.0,3.0,"Rice, cooked, NFS",1.19,303.0,"Iron, Fe",MG,0.44975,0.14991666666666664,18143.68,0.0009915298329776538,0.0003305099443258846,0.09915298329776538,0.033050994432588465,0.027773944901334845,36.00496809338521
654,White Rice,17.99,40.0,3.0,"Rice, cooked, NFS",0.086,617.0,MUFA 18:1,G,0.44975,0.14991666666666664,18143.68,0.0009915298329776538,0.0003305099443258846,0.09915298329776538,0.033050994432588465,0.3843138887510287,2.6020397109505278
655,White Rice,17.99,40.0,3.0,"Rice, cooked, NFS",7.5,317.0,"Selenium, Se",UG,0.44975,0.14991666666666664,18143.68,0.0009915298329776538,0.0003305099443258846,0.09915298329776538,0.033050994432588465,0.004406799257678462,226.92206781545303
656,White Rice,17.99,40.0,3.0,"Rice, cooked, NFS",0.0,430.0,Vitamin K (phylloquinone),UG,0.44975,0.14991666666666664,18143.68,0.0009915298329776538,0.0003305099443258846,0.09915298329776538,0.033050994432588465,inf,0.0
657,White Rice,17.99,40.0,3.0,"Rice, cooked, NFS",0.05,269.0,"Sugars, Total",G,0.44975,0.14991666666666664,18143.68,0.0009915298329776538,0.0003305099443258846,0.09915298329776538,0.033050994432588465,0.6610198886517693,1.5128137854363535
658,Sugar,44.99,50.0,1.0,"Sugar, NFS",1.0,307.0,"Sodium, Na",MG,0.8998,0.8998,22679.6,0.001983721053281363,0.001983721053281363,0.19837210532813632,0.19837210532813632,0.19837210532813632,5.0410313402978435
659,Sugar,44.99,50.0,1.0,"Sugar, NFS",401.0,208.0,Energy,KCAL,0.8998,0.8998,22679.6,0.001983721053281363,0.001983721053281363,0.19837210532813632,0.19837210532813632,0.0004946935294965993,2021.4535674594351
660,Sugar,44.99,50.0,1.0,"Sugar, NFS",0.0,304.0,"Magnesium, Mg",MG,0.8998,0.8998,22679.6,0.001983721053281363,0.001983721053281363,0.19837210532813632,0.19837210532813632,inf,0.0
661,Sugar,44.99,50.0,1.0,"Sugar, NFS",0.0,627.0,PUFA 18:4,G,0.8998,0.8998,22679.6,0.001983721053281363,0.001983721053281363,0.19837210532813632,0.19837210532813632,inf,0.0
662,Sugar,44.99,50.0,1.0,"Sugar, NFS",0.0,263.0,Theobromine,MG,0.8998,0.8998,22679.6,0.001983721053281363,0.001983721053281363,0.19837210532813632,0.19837210532813632,inf,0.0
663,Sugar,44.99,50.0,1.0,"Sugar, NFS",0.0,322.0,"Carotene, alpha",UG,0.8998,0.8998,22679.6,0.001983721053281363,0.001983721053281363,0.19837210532813632,0.19837210532813632,inf,0.0
664,Sugar,44.99,50.0,1.0,"Sugar, NFS",0.0,435.0,"Folate, DFE",UG,0.8998,0.8998,22679.6,0.001983721053281363,0.001983721053281363,0.19837210532813632,0.19837210532813632,inf,0.0
665,Sugar,44.99,50.0,1.0,"Sugar, NFS",0.6,317.0,"Selenium, Se",UG,0.8998,0.8998,22679.6,0.001983721053281363,0.001983721053281363,0.19837210532813632,0.19837210532813632,0.3306201755468939,3.024618804178706
666,Sugar,44.99,50.0,1.0,"Sugar, NFS",0.0,334.0,"Cryptoxanthin, beta",UG,0.8998,0.8998,22679.6,0.001983721053281363,0.001983721053281363,0.19837210532813632,0.19837210532813632,inf,0.0
667,Sugar,44.99,50.0,1.0,"Sugar, NFS",0.0,617.0,MUFA 18:1,G,0.8998,0.8998,22679.6,0.001983721053281363,0.001983721053281363,0.19837210532813632,0.19837210532813632,inf,0.0
668,Sugar,44.99,50.0,1.0,"Sugar, NFS",0.0,291.0,"Fiber, total dietary",G,0.8998,0.8998,22679.6,0.001983721053281363,0.001983721053281363,0.19837210532813632,0.19837210532813632,inf,0.0
669,Sugar,44.99,50.0,1.0,"Sugar, NFS",0.019,405.0,Riboflavin,MG,0.8998,0.8998,22679.6,0.001983721053281363,0.001983721053281363,0.19837210532813632,0.19837210532813632,10.44063712253349,0.09577959546565902
670,Sugar,44.99,50.0,1.0,"Sugar, NFS",0.0,612.0,SFA 14:0,G,0.8998,0.8998,22679.6,0.001983721053281363,0.001983721053281363,0.19837210532813632,0.19837210532813632,inf,0.0
671,Sugar,44.99,50.0,1.0,"Sugar, NFS",0.0,415.0,Vitamin B-6,MG,0.8998,0.8998,22679.6,0.001983721053281363,0.001983721053281363,0.19837210532813632,0.19837210532813632,inf,0.0
672,Sugar,44.99,50.0,1.0,"Sugar, NFS",0.01,309.0,"Zinc, Zn",MG,0.8998,0.8998,22679.6,0.001983721053281363,0.001983721053281363,0.19837210532813632,0.19837210532813632,19.837210532813632,0.050410313402978434
673,Sugar,44.99,50.0,1.0,"Sugar, NFS",0.007,312.0,"Copper, Cu",MG,0.8998,0.8998,22679.6,0.001983721053281363,0.001983721053281363,0.19837210532813632,0.19837210532813632,28.33887218973376,0.03528721938208491
674,Sugar,44.99,50.0,1.0,"Sugar, NFS",0.0,406.0,Niacin,MG,0.8998,0.8998,22679.6,0.001983721053281363,0.001983721053281363,0.19837210532813632,0.19837210532813632,inf,0.0
675,Sugar,44.99,50.0,1.0,"Sugar, NFS",99.6,205.0,"Carbohydrate, by difference",G,0.8998,0.8998,22679.6,0.001983721053281363,0.001983721053281363,0.19837210532813632,0.19837210532813632,0.0019916878044993606,502.0867214936652
676,Sugar,44.99,50.0,1.0,"Sugar, NFS",0.05,303.0,"Iron, Fe",MG,0.8998,0.8998,22679.6,0.001983721053281363,0.001983721053281363,0.19837210532813632,0.19837210532813632,3.9674421065627263,0.2520515670148922
677,Sugar,44.99,50.0,1.0,"Sugar, NFS",0.0,631.0,PUFA 22:5 n-3 (DPA),G,0.8998,0.8998,22679.6,0.001983721053281363,0.001983721053281363,0.19837210532813632,0.19837210532813632,inf,0.0
678,Sugar,44.99,50.0,1.0,"Sugar, NFS",0.0,626.0,MUFA 16:1,G,0.8998,0.8998,22679.6,0.001983721053281363,0.001983721053281363,0.19837210532813632,0.19837210532813632,inf,0.0
679,Sugar,44.99,50.0,1.0,"Sugar, NFS",0.0,611.0,SFA 12:0,G,0.8998,0.8998,22679.6,0.001983721053281363,0.001983721053281363,0.19837210532813632,0.19837210532813632,inf,0.0
680,Sugar,44.99,50.0,1.0,"Sugar, NFS",0.0,404.0,Thiamin,MG,0.8998,0.8998,22679.6,0.001983721053281363,0.001983721053281363,0.19837210532813632,0.19837210532813632,inf,0.0
681,Sugar,44.99,50.0,1.0,"Sugar, NFS",0.0,418.0,Vitamin B-12,UG,0.8998,0.8998,22679.6,0.001983721053281363,0.001983721053281363,0.19837210532813632,0.19837210532813632,inf,0.0
682,Sugar,44.99,50.0,1.0,"Sugar, NFS",0.0,619.0,PUFA 18:3,G,0.8998,0.8998,22679.6,0.001983721053281363,0.001983721053281363,0.19837210532813632,0.19837210532813632,inf,0.0
683,Sugar,44.99,50.0,1.0,"Sugar, NFS",0.0,221.0,"Alcohol, ethyl",G,0.8998,0.8998,22679.6,0.001983721053281363,0.001983721053281363,0.19837210532813632,0.19837210532813632,inf,0.0
684,Sugar,44.99,50.0,1.0,"Sugar, NFS",0.0,610.0,SFA 10:0,G,0.8998,0.8998,22679.6,0.001983721053281363,0.001983721053281363,0.19837210532813632,0.19837210532813632,inf,0.0
685,Sugar,44.99,50.0,1.0,"Sugar, NFS",0.02,255.0,Water,G,0.8998,0.8998,22679.6,0.001983721053281363,0.001983721053281363,0.19837210532813632,0.19837210532813632,9.918605266406816,0.10082062680595687
686,Sugar,44.99,50.0,1.0,"Sugar, NFS",0.0,337.0,Lycopene,UG,0.8998,0.8998,22679.6,0.001983721053281363,0.001983721053281363,0.19837210532813632,0.19837210532813632,inf,0.0
687,Sugar,44.99,50.0,1.0,"Sugar, NFS",0.0,319.0,Retinol,UG,0.8998,0.8998,22679.6,0.001983721053281363,0.001983721053281363,0.19837210532813632,0.19837210532813632,inf,0.0
688,Sugar,44.99,50.0,1.0,"Sugar, NFS",0.0,608.0,SFA 6:0,G,0.8998,0.8998,22679.6,0.001983721053281363,0.001983721053281363,0.19837210532813632,0.19837210532813632,inf,0.0
689,Sugar,44.99,50.0,1.0,"Sugar, NFS",0.0,613.0,SFA 16:0,G,0.8998,0.8998,22679.6,0.001983721053281363,0.001983721053281363,0.19837210532813632,0.19837210532813632,inf,0.0
690,Sugar,44.99,50.0,1.0,"Sugar, NFS",0.0,432.0,"Folate, food",UG,0.8998,0.8998,22679.6,0.001983721053281363,0.001983721053281363,0.19837210532813632,0.19837210532813632,inf,0.0
691,Sugar,44.99,50.0,1.0,"Sugar, NFS",0.0,601.0,Cholesterol,MG,0.8998,0.8998,22679.6,0.001983721053281363,0.001983721053281363,0.19837210532813632,0.19837210532813632,inf,0.0
692,Sugar,44.99,50.0,1.0,"Sugar, NFS",0.0,305.0,"Phosphorus, P",MG,0.8998,0.8998,22679.6,0.001983721053281363,0.001983721053281363,0.19837210532813632,0.19837210532813632,inf,0.0
693,Sugar,44.99,50.0,1.0,"Sugar, NFS",0.0,321.0,"Carotene, beta",UG,0.8998,0.8998,22679.6,0.001983721053281363,0.001983721053281363,0.19837210532813632,0.19837210532813632,inf,0.0
694,Sugar,44.99,50.0,1.0,"Sugar, NFS",0.0,606.0,"Fatty acids, total saturated",G,0.8998,0.8998,22679.6,0.001983721053281363,0.001983721053281363,0.19837210532813632,0.19837210532813632,inf,0.0
695,Sugar,44.99,50.0,1.0,"Sugar, NFS",0.0,262.0,Caffeine,MG,0.8998,0.8998,22679.6,0.001983721053281363,0.001983721053281363,0.19837210532813632,0.19837210532813632,inf,0.0
696,Sugar,44.99,50.0,1.0,"Sugar, NFS",0.0,618.0,PUFA 18:2,G,0.8998,0.8998,22679.6,0.001983721053281363,0.001983721053281363,0.19837210532813632,0.19837210532813632,inf,0.0
697,Sugar,44.99,50.0,1.0,"Sugar, NFS",0.0,614.0,SFA 18:0,G,0.8998,0.8998,22679.6,0.001983721053281363,0.001983721053281363,0.19837210532813632,0.19837210532813632,inf,0.0
698,Sugar,44.99,50.0,1.0,"Sugar, NFS",0.0,578.0,"Vitamin B-12, added",UG,0.8998,0.8998,22679.6,0.001983721053281363,0.001983721053281363,0.19837210532813632,0.19837210532813632,inf,0.0
699,Sugar,44.99,50.0,1.0,"Sugar, NFS",0.0,609.0,SFA 8:0,G,0.8998,0.8998,22679.6,0.001983721053281363,0.001983721053281363,0.19837210532813632,0.19837210532813632,inf,0.0
700,Sugar,44.99,50.0,1.0,"Sugar, NFS",0.0,646.0,"Fatty acids, total polyunsaturated",G,0.8998,0.8998,22679.6,0.001983721053281363,0.001983721053281363,0.19837210532813632,0.19837210532813632,inf,0.0
701,Sugar,44.99,50.0,1.0,"Sugar, NFS",0.0,323.0,Vitamin E (alpha-tocopherol),MG,0.8998,0.8998,22679.6,0.001983721053281363,0.001983721053281363,0.19837210532813632,0.19837210532813632,inf,0.0
702,Sugar,44.99,50.0,1.0,"Sugar, NFS",0.0,338.0,Lutein + zeaxanthin,UG,0.8998,0.8998,22679.6,0.001983721053281363,0.001983721053281363,0.19837210532813632,0.19837210532813632,inf,0.0
703,Sugar,44.99,50.0,1.0,"Sugar, NFS",0.0,328.0,Vitamin D (D2 + D3),UG,0.8998,0.8998,22679.6,0.001983721053281363,0.001983721053281363,0.19837210532813632,0.19837210532813632,inf,0.0
704,Sugar,44.99,50.0,1.0,"Sugar, NFS",99.8,269.0,"Sugars, Total",G,0.8998,0.8998,22679.6,0.001983721053281363,0.001983721053281363,0.19837210532813632,0.19837210532813632,0.0019876964461737106,503.09492776172476
705,Sugar,44.99,50.0,1.0,"Sugar, NFS",0.0,629.0,PUFA 20:5 n-3 (EPA),G,0.8998,0.8998,22679.6,0.001983721053281363,0.001983721053281363,0.19837210532813632,0.19837210532813632,inf,0.0
706,Sugar,44.99,50.0,1.0,"Sugar, NFS",0.0,320.0,"Vitamin A, RAE",UG,0.8998,0.8998,22679.6,0.001983721053281363,0.001983721053281363,0.19837210532813632,0.19837210532813632,inf,0.0
707,Sugar,44.99,50.0,1.0,"Sugar, NFS",0.0,628.0,MUFA 20:1,G,0.8998,0.8998,22679.6,0.001983721053281363,0.001983721053281363,0.19837210532813632,0.19837210532813632,inf,0.0
708,Sugar,44.99,50.0,1.0,"Sugar, NFS",0.0,630.0,MUFA 22:1,G,0.8998,0.8998,22679.6,0.001983721053281363,0.001983721053281363,0.19837210532813632,0.19837210532813632,inf,0.0
709,Sugar,44.99,50.0,1.0,"Sugar, NFS",0.32,204.0,Total lipid (fat),G,0.8998,0.8998,22679.6,0.001983721053281363,0.001983721053281363,0.19837210532813632,0.19837210532813632,0.619912829150426,1.6131300288953099
710,Sugar,44.99,50.0,1.0,"Sugar, NFS",0.0,417.0,"Folate, total",UG,0.8998,0.8998,22679.6,0.001983721053281363,0.001983721053281363,0.19837210532813632,0.19837210532813632,inf,0.0
711,Sugar,44.99,50.0,1.0,"Sugar, NFS",0.0,431.0,Folic acid,UG,0.8998,0.8998,22679.6,0.001983721053281363,0.001983721053281363,0.19837210532813632,0.19837210532813632,inf,0.0
712,Sugar,44.99,50.0,1.0,"Sugar, NFS",0.0,203.0,Protein,G,0.8998,0.8998,22679.6,0.001983721053281363,0.001983721053281363,0.19837210532813632,0.19837210532813632,inf,0.0
713,Sugar,44.99,50.0,1.0,"Sugar, NFS",0.0,607.0,SFA 4:0,G,0.8998,0.8998,22679.6,0.001983721053281363,0.001983721053281363,0.19837210532813632,0.19837210532813632,inf,0.0
714,Sugar,44.99,50.0,1.0,"Sugar, NFS",0.0,573.0,"Vitamin E, added",MG,0.8998,0.8998,22679.6,0.001983721053281363,0.001983721053281363,0.19837210532813632,0.19837210532813632,inf,0.0
715,Sugar,44.99,50.0,1.0,"Sugar, NFS",0.0,430.0,Vitamin K (phylloquinone),UG,0.8998,0.8998,22679.6,0.001983721053281363,0.001983721053281363,0.19837210532813632,0.19837210532813632,inf,0.0
716,Sugar,44.99,50.0,1.0,"Sugar, NFS",0.0,645.0,"Fatty acids, total monounsaturated",G,0.8998,0.8998,22679.6,0.001983721053281363,0.001983721053281363,0.19837210532813632,0.19837210532813632,inf,0.0
717,Sugar,44.99,50.0,1.0,"Sugar, NFS",1.0,301.0,"Calcium, Ca",MG,0.8998,0.8998,22679.6,0.001983721053281363,0.001983721053281363,0.19837210532813632,0.19837210532813632,0.19837210532813632,5.0410313402978435
718,Sugar,44.99,50.0,1.0,"Sugar, NFS",0.0,401.0,"Vitamin C, total ascorbic acid",MG,0.8998,0.8998,22679.6,0.001983721053281363,0.001983721053281363,0.19837210532813632,0.19837210532813632,inf,0.0
719,Sugar,44.99,50.0,1.0,"Sugar, NFS",2.0,306.0,"Potassium, K",MG,0.8998,0.8998,22679.6,0.001983721053281363,0.001983721053281363,0.19837210532813632,0.19837210532813632,0.09918605266406816,10.082062680595687
720,Sugar,44.99,50.0,1.0,"Sugar, NFS",0.0,620.0,PUFA 20:4,G,0.8998,0.8998,22679.6,0.001983721053281363,0.001983721053281363,0.19837210532813632,0.19837210532813632,inf,0.0
721,Sugar,44.99,50.0,1.0,"Sugar, NFS",0.0,621.0,PUFA 22:6 n-3 (DHA),G,0.8998,0.8998,22679.6,0.001983721053281363,0.001983721053281363,0.19837210532813632,0.19837210532813632,inf,0.0
722,Sugar,44.99,50.0,1.0,"Sugar, NFS",0.0,421.0,"Choline, total",MG,0.8998,0.8998,22679.6,0.001983721053281363,0.001983721053281363,0.19837210532813632,0.19837210532813632,inf,0.0
723,Oats,36.99,50.0,1.0,"Oats, raw",28.9,317.0,"Selenium, Se",UG,0.7398,0.7398,22679.6,0.0016309811460519588,0.0016309811460519588,0.16309811460519588,0.16309811460519588,0.005643533377342419,177.1939551230062
724,Oats,36.99,50.0,1.0,"Oats, raw",0.391,312.0,"Copper, Cu",MG,0.7398,0.7398,22679.6,0.0016309811460519588,0.0016309811460519588,0.16309811460519588,0.16309811460519588,0.4171307278905265,2.3973299810759663
725,Oats,36.99,50.0,1.0,"Oats, raw",0.06,614.0,SFA 18:0,G,0.7398,0.7398,22679.6,0.0016309811460519588,0.0016309811460519588,0.16309811460519588,0.16309811460519588,2.718301910086598,0.36787672343876715
726,Oats,36.99,50.0,1.0,"Oats, raw",32.0,435.0,"Folate, DFE",UG,0.7398,0.7398,22679.6,0.0016309811460519588,0.0016309811460519588,0.16309811460519588,0.16309811460519588,0.005096816081412371,196.2009191673425
727,Oats,36.99,50.0,1.0,"Oats, raw",0.0,627.0,PUFA 18:4,G,0.7398,0.7398,22679.6,0.0016309811460519588,0.0016309811460519588,0.16309811460519588,0.16309811460519588,inf,0.0
728,Oats,36.99,50.0,1.0,"Oats, raw",180.0,338.0,Lutein + zeaxanthin,UG,0.7398,0.7398,22679.6,0.0016309811460519588,0.0016309811460519588,0.16309811460519588,0.16309811460519588,0.0009061006366955326,1103.6301703163015
729,Oats,36.99,50.0,1.0,"Oats, raw",0.02,611.0,SFA 12:0,G,0.7398,0.7398,22679.6,0.0016309811460519588,0.0016309811460519588,0.16309811460519588,0.16309811460519588,8.154905730259793,0.12262557447958906
730,Oats,36.99,50.0,1.0,"Oats, raw",52.0,301.0,"Calcium, Ca",MG,0.7398,0.7398,22679.6,0.0016309811460519588,0.0016309811460519588,0.16309811460519588,0.16309811460519588,0.0031365022039460747,318.82649364693157
731,Oats,36.99,50.0,1.0,"Oats, raw",13.15,203.0,Protein,G,0.7398,0.7398,22679.6,0.0016309811460519588,0.0016309811460519588,0.16309811460519588,0.16309811460519588,0.012402898449064325,80.62631522032981
732,Oats,36.99,50.0,1.0,"Oats, raw",0.0,607.0,SFA 4:0,G,0.7398,0.7398,22679.6,0.0016309811460519588,0.0016309811460519588,0.16309811460519588,0.16309811460519588,inf,0.0
733,Oats,36.99,50.0,1.0,"Oats, raw",0.0,621.0,PUFA 22:6 n-3 (DHA),G,0.7398,0.7398,22679.6,0.0016309811460519588,0.0016309811460519588,0.16309811460519588,0.16309811460519588,inf,0.0
734,Oats,36.99,50.0,1.0,"Oats, raw",1.97,617.0,MUFA 18:1,G,0.7398,0.7398,22679.6,0.0016309811460519588,0.0016309811460519588,0.16309811460519588,0.16309811460519588,0.08279092111938878,12.078619086239522
735,Oats,36.99,50.0,1.0,"Oats, raw",0.0,322.0,"Carotene, alpha",UG,0.7398,0.7398,22679.6,0.0016309811460519588,0.0016309811460519588,0.16309811460519588,0.16309811460519588,inf,0.0
736,Oats,36.99,50.0,1.0,"Oats, raw",4.25,303.0,"Iron, Fe",MG,0.7398,0.7398,22679.6,0.0016309811460519588,0.0016309811460519588,0.16309811460519588,0.16309811460519588,0.03837602696592844,26.057934576912675
737,Oats,36.99,50.0,1.0,"Oats, raw",10.84,255.0,Water,G,0.7398,0.7398,22679.6,0.0016309811460519588,0.0016309811460519588,0.16309811460519588,0.16309811460519588,0.015045951531844638,66.46306136793727
738,Oats,36.99,50.0,1.0,"Oats, raw",0.0,320.0,"Vitamin A, RAE",UG,0.7398,0.7398,22679.6,0.0016309811460519588,0.0016309811460519588,0.16309811460519588,0.16309811460519588,inf,0.0
739,Oats,36.99,50.0,1.0,"Oats, raw",0.0,630.0,MUFA 22:1,G,0.7398,0.7398,22679.6,0.0016309811460519588,0.0016309811460519588,0.16309811460519588,0.16309811460519588,inf,0.0
740,Oats,36.99,50.0,1.0,"Oats, raw",0.0,573.0,"Vitamin E, added",MG,0.7398,0.7398,22679.6,0.0016309811460519588,0.0016309811460519588,0.16309811460519588,0.16309811460519588,inf,0.0
741,Oats,36.99,50.0,1.0,"Oats, raw",1.98,645.0,"Fatty acids, total monounsaturated",G,0.7398,0.7398,22679.6,0.0016309811460519588,0.0016309811460519588,0.16309811460519588,0.16309811460519588,0.08237278515413933,12.139931873479316
742,Oats,36.99,50.0,1.0,"Oats, raw",0.0,631.0,PUFA 22:5 n-3 (DPA),G,0.7398,0.7398,22679.6,0.0016309811460519588,0.0016309811460519588,0.16309811460519588,0.16309811460519588,inf,0.0
743,Oats,36.99,50.0,1.0,"Oats, raw",0.01,626.0,MUFA 16:1,G,0.7398,0.7398,22679.6,0.0016309811460519588,0.0016309811460519588,0.16309811460519588,0.16309811460519588,16.309811460519587,0.06131278723979453
744,Oats,36.99,50.0,1.0,"Oats, raw",0.0,578.0,"Vitamin B-12, added",UG,0.7398,0.7398,22679.6,0.0016309811460519588,0.0016309811460519588,0.16309811460519588,0.16309811460519588,inf,0.0
745,Oats,36.99,50.0,1.0,"Oats, raw",0.0,610.0,SFA 10:0,G,0.7398,0.7398,22679.6,0.0016309811460519588,0.0016309811460519588,0.16309811460519588,0.16309811460519588,inf,0.0
746,Oats,36.99,50.0,1.0,"Oats, raw",0.0,328.0,Vitamin D (D2 + D3),UG,0.7398,0.7398,22679.6,0.0016309811460519588,0.0016309811460519588,0.16309811460519588,0.16309811460519588,inf,0.0
747,Oats,36.99,50.0,1.0,"Oats, raw",6.0,307.0,"Sodium, Na",MG,0.7398,0.7398,22679.6,0.0016309811460519588,0.0016309811460519588,0.16309811460519588,0.16309811460519588,0.02718301910086598,36.78767234387672
748,Oats,36.99,50.0,1.0,"Oats, raw",0.0,321.0,"Carotene, beta",UG,0.7398,0.7398,22679.6,0.0016309811460519588,0.0016309811460519588,0.16309811460519588,0.16309811460519588,inf,0.0
749,Oats,36.99,50.0,1.0,"Oats, raw",0.0,418.0,Vitamin B-12,UG,0.7398,0.7398,22679.6,0.0016309811460519588,0.0016309811460519588,0.16309811460519588,0.16309811460519588,inf,0.0
750,Oats,36.99,50.0,1.0,"Oats, raw",0.0,221.0,"Alcohol, ethyl",G,0.7398,0.7398,22679.6,0.0016309811460519588,0.0016309811460519588,0.16309811460519588,0.16309811460519588,inf,0.0
751,Oats,36.99,50.0,1.0,"Oats, raw",32.0,417.0,"Folate, total",UG,0.7398,0.7398,22679.6,0.0016309811460519588,0.0016309811460519588,0.16309811460519588,0.16309811460519588,0.005096816081412371,196.2009191673425
752,Oats,36.99,50.0,1.0,"Oats, raw",40.4,421.0,"Choline, total",MG,0.7398,0.7398,22679.6,0.0016309811460519588,0.0016309811460519588,0.16309811460519588,0.16309811460519588,0.004037082044683066,247.70366044876988
753,Oats,36.99,50.0,1.0,"Oats, raw",0.0,609.0,SFA 8:0,G,0.7398,0.7398,22679.6,0.0016309811460519588,0.0016309811460519588,0.16309811460519588,0.16309811460519588,inf,0.0
754,Oats,36.99,50.0,1.0,"Oats, raw",0.0,263.0,Theobromine,MG,0.7398,0.7398,22679.6,0.0016309811460519588,0.0016309811460519588,0.16309811460519588,0.16309811460519588,inf,0.0
755,Oats,36.99,50.0,1.0,"Oats, raw",1.125,406.0,Niacin,MG,0.7398,0.7398,22679.6,0.0016309811460519588,0.0016309811460519588,0.16309811460519588,0.16309811460519588,0.14497610187128523,6.897688564476884
756,Oats,36.99,50.0,1.0,"Oats, raw",6.52,204.0,Total lipid (fat),G,0.7398,0.7398,22679.6,0.0016309811460519588,0.0016309811460519588,0.16309811460519588,0.16309811460519588,0.025015048252330658,39.97593728034603
757,Oats,36.99,50.0,1.0,"Oats, raw",0.0,334.0,"Cryptoxanthin, beta",UG,0.7398,0.7398,22679.6,0.0016309811460519588,0.0016309811460519588,0.16309811460519588,0.16309811460519588,inf,0.0
758,Oats,36.99,50.0,1.0,"Oats, raw",0.1,415.0,Vitamin B-6,MG,0.7398,0.7398,22679.6,0.0016309811460519588,0.0016309811460519588,0.16309811460519588,0.16309811460519588,1.6309811460519588,0.6131278723979453
759,Oats,36.99,50.0,1.0,"Oats, raw",0.0,319.0,Retinol,UG,0.7398,0.7398,22679.6,0.0016309811460519588,0.0016309811460519588,0.16309811460519588,0.16309811460519588,inf,0.0
760,Oats,36.99,50.0,1.0,"Oats, raw",32.0,432.0,"Folate, food",UG,0.7398,0.7398,22679.6,0.0016309811460519588,0.0016309811460519588,0.16309811460519588,0.16309811460519588,0.005096816081412371,196.2009191673425
761,Oats,36.99,50.0,1.0,"Oats, raw",0.42,323.0,Vitamin E (alpha-tocopherol),MG,0.7398,0.7398,22679.6,0.0016309811460519588,0.0016309811460519588,0.16309811460519588,0.16309811460519588,0.38832884429808545,2.57513706407137
762,Oats,36.99,50.0,1.0,"Oats, raw",0.0,601.0,Cholesterol,MG,0.7398,0.7398,22679.6,0.0016309811460519588,0.0016309811460519588,0.16309811460519588,0.16309811460519588,inf,0.0
763,Oats,36.99,50.0,1.0,"Oats, raw",67.7,205.0,"Carbohydrate, by difference",G,0.7398,0.7398,22679.6,0.0016309811460519588,0.0016309811460519588,0.16309811460519588,0.16309811460519588,0.0024091302009630116,415.087569613409
764,Oats,36.99,50.0,1.0,"Oats, raw",0.0,608.0,SFA 6:0,G,0.7398,0.7398,22679.6,0.0016309811460519588,0.0016309811460519588,0.16309811460519588,0.16309811460519588,inf,0.0
765,Oats,36.99,50.0,1.0,"Oats, raw",2.2,618.0,PUFA 18:2,G,0.7398,0.7398,22679.6,0.0016309811460519588,0.0016309811460519588,0.16309811460519588,0.16309811460519588,0.0741355066387254,13.488813192754797
766,Oats,36.99,50.0,1.0,"Oats, raw",0.1,619.0,PUFA 18:3,G,0.7398,0.7398,22679.6,0.0016309811460519588,0.0016309811460519588,0.16309811460519588,0.16309811460519588,1.6309811460519588,0.6131278723979453
767,Oats,36.99,50.0,1.0,"Oats, raw",1.11,606.0,"Fatty acids, total saturated",G,0.7398,0.7398,22679.6,0.0016309811460519588,0.0016309811460519588,0.16309811460519588,0.16309811460519588,0.14693523838305933,6.805719383617194
768,Oats,36.99,50.0,1.0,"Oats, raw",0.0,629.0,PUFA 20:5 n-3 (EPA),G,0.7398,0.7398,22679.6,0.0016309811460519588,0.0016309811460519588,0.16309811460519588,0.16309811460519588,inf,0.0
769,Oats,36.99,50.0,1.0,"Oats, raw",410.0,305.0,"Phosphorus, P",MG,0.7398,0.7398,22679.6,0.0016309811460519588,0.0016309811460519588,0.16309811460519588,0.16309811460519588,0.000397800279524868,2513.824276831576
770,Oats,36.99,50.0,1.0,"Oats, raw",2.3,646.0,"Fatty acids, total polyunsaturated",G,0.7398,0.7398,22679.6,0.0016309811460519588,0.0016309811460519588,0.16309811460519588,0.16309811460519588,0.07091222374138952,14.10194106515274
771,Oats,36.99,50.0,1.0,"Oats, raw",0.94,613.0,SFA 16:0,G,0.7398,0.7398,22679.6,0.0016309811460519588,0.0016309811460519588,0.16309811460519588,0.16309811460519588,0.17350863255871904,5.763402000540686
772,Oats,36.99,50.0,1.0,"Oats, raw",0.01,612.0,SFA 14:0,G,0.7398,0.7398,22679.6,0.0016309811460519588,0.0016309811460519588,0.16309811460519588,0.16309811460519588,16.309811460519587,0.06131278723979453
773,Oats,36.99,50.0,1.0,"Oats, raw",138.0,304.0,"Magnesium, Mg",MG,0.7398,0.7398,22679.6,0.0016309811460519588,0.0016309811460519588,0.16309811460519588,0.16309811460519588,0.0011818703956898253,846.1164639091645
774,Oats,36.99,50.0,1.0,"Oats, raw",2.0,430.0,Vitamin K (phylloquinone),UG,0.7398,0.7398,22679.6,0.0016309811460519588,0.0016309811460519588,0.16309811460519588,0.16309811460519588,0.08154905730259794,12.262557447958907
775,Oats,36.99,50.0,1.0,"Oats, raw",0.46,404.0,Thiamin,MG,0.7398,0.7398,22679.6,0.0016309811460519588,0.0016309811460519588,0.16309811460519588,0.16309811460519588,0.35456111870694756,2.8203882130305487
776,Oats,36.99,50.0,1.0,"Oats, raw",0.155,405.0,Riboflavin,MG,0.7398,0.7398,22679.6,0.0016309811460519588,0.0016309811460519588,0.16309811460519588,0.16309811460519588,1.052245900678683,0.9503482022168153
777,Oats,36.99,50.0,1.0,"Oats, raw",379.0,208.0,Energy,KCAL,0.7398,0.7398,22679.6,0.0016309811460519588,0.0016309811460519588,0.16309811460519588,0.16309811460519588,0.00043033803325909204,2323.7546363882125
778,Oats,36.99,50.0,1.0,"Oats, raw",0.0,262.0,Caffeine,MG,0.7398,0.7398,22679.6,0.0016309811460519588,0.0016309811460519588,0.16309811460519588,0.16309811460519588,inf,0.0
779,Oats,36.99,50.0,1.0,"Oats, raw",3.64,309.0,"Zinc, Zn",MG,0.7398,0.7398,22679.6,0.0016309811460519588,0.0016309811460519588,0.16309811460519588,0.16309811460519588,0.04480717434208678,22.31785455528521
780,Oats,36.99,50.0,1.0,"Oats, raw",10.1,291.0,"Fiber, total dietary",G,0.7398,0.7398,22679.6,0.0016309811460519588,0.0016309811460519588,0.16309811460519588,0.16309811460519588,0.016148328178732265,61.92591511219247
781,Oats,36.99,50.0,1.0,"Oats, raw",0.0,337.0,Lycopene,UG,0.7398,0.7398,22679.6,0.0016309811460519588,0.0016309811460519588,0.16309811460519588,0.16309811460519588,inf,0.0
782,Oats,36.99,50.0,1.0,"Oats, raw",0.0,620.0,PUFA 20:4,G,0.7398,0.7398,22679.6,0.0016309811460519588,0.0016309811460519588,0.16309811460519588,0.16309811460519588,inf,0.0
783,Oats,36.99,50.0,1.0,"Oats, raw",0.0,401.0,"Vitamin C, total ascorbic acid",MG,0.7398,0.7398,22679.6,0.0016309811460519588,0.0016309811460519588,0.16309811460519588,0.16309811460519588,inf,0.0
784,Oats,36.99,50.0,1.0,"Oats, raw",362.0,306.0,"Potassium, K",MG,0.7398,0.7398,22679.6,0.0016309811460519588,0.0016309811460519588,0.16309811460519588,0.16309811460519588,0.00045054727791490575,2219.522898080562
785,Oats,36.99,50.0,1.0,"Oats, raw",0.0,431.0,Folic acid,UG,0.7398,0.7398,22679.6,0.0016309811460519588,0.0016309811460519588,0.16309811460519588,0.16309811460519588,inf,0.0
786,Oats,36.99,50.0,1.0,"Oats, raw",0.99,269.0,"Sugars, Total",G,0.7398,0.7398,22679.6,0.0016309811460519588,0.0016309811460519588,0.16309811460519588,0.16309811460519588,0.16474557030827866,6.069965936739658
787,Oats,36.99,50.0,1.0,"Oats, raw",0.0,628.0,MUFA 20:1,G,0.7398,0.7398,22679.6,0.0016309811460519588,0.0016309811460519588,0.16309811460519588,0.16309811460519588,inf,0.0
788,Tomatoes,1.55,2.0,1.0,"Tomatoes, raw",0.0,630.0,MUFA 22:1,G,0.775,0.775,907.184,0.0017085839256424276,0.0017085839256424276,0.17085839256424276,0.17085839256424276,inf,0.0
789,Tomatoes,1.55,2.0,1.0,"Tomatoes, raw",226.0,306.0,"Potassium, K",MG,0.775,0.775,907.184,0.0017085839256424276,0.0017085839256424276,0.17085839256424276,0.17085839256424276,0.0007560105865674459,1322.7328
790,Tomatoes,1.55,2.0,1.0,"Tomatoes, raw",0.0,620.0,PUFA 20:4,G,0.775,0.775,907.184,0.0017085839256424276,0.0017085839256424276,0.17085839256424276,0.17085839256424276,inf,0.0
791,Tomatoes,1.55,2.0,1.0,"Tomatoes, raw",0.0,328.0,Vitamin D (D2 + D3),UG,0.775,0.775,907.184,0.0017085839256424276,0.0017085839256424276,0.17085839256424276,0.17085839256424276,inf,0.0
792,Tomatoes,1.55,2.0,1.0,"Tomatoes, raw",0.046,404.0,Thiamin,MG,0.775,0.775,907.184,0.0017085839256424276,0.0017085839256424276,0.17085839256424276,0.17085839256424276,3.7143128818313644,0.2692288
793,Tomatoes,1.55,2.0,1.0,"Tomatoes, raw",0.03,617.0,MUFA 18:1,G,0.775,0.775,907.184,0.0017085839256424276,0.0017085839256424276,0.17085839256424276,0.17085839256424276,5.695279752141426,0.175584
794,Tomatoes,1.55,2.0,1.0,"Tomatoes, raw",2.63,269.0,"Sugars, Total",G,0.775,0.775,907.184,0.0017085839256424276,0.0017085839256424276,0.17085839256424276,0.17085839256424276,0.06496516827537747,15.392864
795,Tomatoes,1.55,2.0,1.0,"Tomatoes, raw",6.0,334.0,"Cryptoxanthin, beta",UG,0.775,0.775,907.184,0.0017085839256424276,0.0017085839256424276,0.17085839256424276,0.17085839256424276,0.028476398760707126,35.1168
796,Tomatoes,1.55,2.0,1.0,"Tomatoes, raw",13.0,417.0,"Folate, total",UG,0.775,0.775,907.184,0.0017085839256424276,0.0017085839256424276,0.17085839256424276,0.17085839256424276,0.01314295327417252,76.0864
797,Tomatoes,1.55,2.0,1.0,"Tomatoes, raw",0.028,606.0,"Fatty acids, total saturated",G,0.775,0.775,907.184,0.0017085839256424276,0.0017085839256424276,0.17085839256424276,0.17085839256424276,6.102085448722955,0.1638784
798,Tomatoes,1.55,2.0,1.0,"Tomatoes, raw",0.0,418.0,Vitamin B-12,UG,0.775,0.775,907.184,0.0017085839256424276,0.0017085839256424276,0.17085839256424276,0.17085839256424276,inf,0.0
799,Tomatoes,1.55,2.0,1.0,"Tomatoes, raw",10.0,304.0,"Magnesium, Mg",MG,0.775,0.775,907.184,0.0017085839256424276,0.0017085839256424276,0.17085839256424276,0.17085839256424276,0.017085839256424276,58.528
800,Tomatoes,1.55,2.0,1.0,"Tomatoes, raw",16.3,401.0,"Vitamin C, total ascorbic acid",MG,0.775,0.775,907.184,0.0017085839256424276,0.0017085839256424276,0.17085839256424276,0.17085839256424276,0.010482109973266427,95.40064
801,Tomatoes,1.55,2.0,1.0,"Tomatoes, raw",0.22,303.0,"Iron, Fe",MG,0.775,0.775,907.184,0.0017085839256424276,0.0017085839256424276,0.17085839256424276,0.17085839256424276,0.7766290571101944,1.2876159999999999
802,Tomatoes,1.55,2.0,1.0,"Tomatoes, raw",0.0,319.0,Retinol,UG,0.775,0.775,907.184,0.0017085839256424276,0.0017085839256424276,0.17085839256424276,0.17085839256424276,inf,0.0
803,Tomatoes,1.55,2.0,1.0,"Tomatoes, raw",0.0,628.0,MUFA 20:1,G,0.775,0.775,907.184,0.0017085839256424276,0.0017085839256424276,0.17085839256424276,0.17085839256424276,inf,0.0
804,Tomatoes,1.55,2.0,1.0,"Tomatoes, raw",0.0,611.0,SFA 12:0,G,0.775,0.775,907.184,0.0017085839256424276,0.0017085839256424276,0.17085839256424276,0.17085839256424276,inf,0.0
805,Tomatoes,1.55,2.0,1.0,"Tomatoes, raw",1.2,291.0,"Fiber, total dietary",G,0.775,0.775,907.184,0.0017085839256424276,0.0017085839256424276,0.17085839256424276,0.17085839256424276,0.14238199380353564,7.023359999999999
806,Tomatoes,1.55,2.0,1.0,"Tomatoes, raw",397.0,321.0,"Carotene, beta",UG,0.775,0.775,907.184,0.0017085839256424276,0.0017085839256424276,0.17085839256424276,0.17085839256424276,0.00043037378479658124,2323.5616
807,Tomatoes,1.55,2.0,1.0,"Tomatoes, raw",0.003,619.0,PUFA 18:3,G,0.775,0.775,907.184,0.0017085839256424276,0.0017085839256424276,0.17085839256424276,0.17085839256424276,56.952797521414254,0.0175584
808,Tomatoes,1.55,2.0,1.0,"Tomatoes, raw",0.001,626.0,MUFA 16:1,G,0.775,0.775,907.184,0.0017085839256424276,0.0017085839256424276,0.17085839256424276,0.17085839256424276,170.85839256424276,0.0058528
809,Tomatoes,1.55,2.0,1.0,"Tomatoes, raw",0.0,601.0,Cholesterol,MG,0.775,0.775,907.184,0.0017085839256424276,0.0017085839256424276,0.17085839256424276,0.17085839256424276,inf,0.0
810,Tomatoes,1.55,2.0,1.0,"Tomatoes, raw",2813.0,337.0,Lycopene,UG,0.775,0.775,907.184,0.0017085839256424276,0.0017085839256424276,0.17085839256424276,0.17085839256424276,6.073885267125587e-05,16463.9264
811,Tomatoes,1.55,2.0,1.0,"Tomatoes, raw",0.0,317.0,"Selenium, Se",UG,0.775,0.775,907.184,0.0017085839256424276,0.0017085839256424276,0.17085839256424276,0.17085839256424276,inf,0.0
812,Tomatoes,1.55,2.0,1.0,"Tomatoes, raw",0.0,607.0,SFA 4:0,G,0.775,0.775,907.184,0.0017085839256424276,0.0017085839256424276,0.17085839256424276,0.17085839256424276,inf,0.0
813,Tomatoes,1.55,2.0,1.0,"Tomatoes, raw",0.031,645.0,"Fatty acids, total monounsaturated",G,0.775,0.775,907.184,0.0017085839256424276,0.0017085839256424276,0.17085839256424276,0.17085839256424276,5.511561050459444,0.18143679999999998
814,Tomatoes,1.55,2.0,1.0,"Tomatoes, raw",0.083,646.0,"Fatty acids, total polyunsaturated",G,0.775,0.775,907.184,0.0017085839256424276,0.0017085839256424276,0.17085839256424276,0.17085839256424276,2.058534850171599,0.4857824
815,Tomatoes,1.55,2.0,1.0,"Tomatoes, raw",0.0,221.0,"Alcohol, ethyl",G,0.775,0.775,907.184,0.0017085839256424276,0.0017085839256424276,0.17085839256424276,0.17085839256424276,inf,0.0
816,Tomatoes,1.55,2.0,1.0,"Tomatoes, raw",0.08,618.0,PUFA 18:2,G,0.775,0.775,907.184,0.0017085839256424276,0.0017085839256424276,0.17085839256424276,0.17085839256424276,2.1357299070530344,0.468224
817,Tomatoes,1.55,2.0,1.0,"Tomatoes, raw",4.04,205.0,"Carbohydrate, by difference",G,0.775,0.775,907.184,0.0017085839256424276,0.0017085839256424276,0.17085839256424276,0.17085839256424276,0.04229168132778286,23.645312
818,Tomatoes,1.55,2.0,1.0,"Tomatoes, raw",23.0,305.0,"Phosphorus, P",MG,0.775,0.775,907.184,0.0017085839256424276,0.0017085839256424276,0.17085839256424276,0.17085839256424276,0.007428625763662729,134.6144
819,Tomatoes,1.55,2.0,1.0,"Tomatoes, raw",0.0,629.0,PUFA 20:5 n-3 (EPA),G,0.775,0.775,907.184,0.0017085839256424276,0.0017085839256424276,0.17085839256424276,0.17085839256424276,inf,0.0
820,Tomatoes,1.55,2.0,1.0,"Tomatoes, raw",0.31,204.0,Total lipid (fat),G,0.775,0.775,907.184,0.0017085839256424276,0.0017085839256424276,0.17085839256424276,0.17085839256424276,0.5511561050459444,1.814368
821,Tomatoes,1.55,2.0,1.0,"Tomatoes, raw",0.078,415.0,Vitamin B-6,MG,0.775,0.775,907.184,0.0017085839256424276,0.0017085839256424276,0.17085839256424276,0.17085839256424276,2.190492212362087,0.4565184
822,Tomatoes,1.55,2.0,1.0,"Tomatoes, raw",20.0,208.0,Energy,KCAL,0.775,0.775,907.184,0.0017085839256424276,0.0017085839256424276,0.17085839256424276,0.17085839256424276,0.008542919628212138,117.056
823,Tomatoes,1.55,2.0,1.0,"Tomatoes, raw",103.0,338.0,Lutein + zeaxanthin,UG,0.775,0.775,907.184,0.0017085839256424276,0.0017085839256424276,0.17085839256424276,0.17085839256424276,0.0016588193452839104,602.8384
824,Tomatoes,1.55,2.0,1.0,"Tomatoes, raw",94.38,255.0,Water,G,0.775,0.775,907.184,0.0017085839256424276,0.0017085839256424276,0.17085839256424276,0.17085839256424276,0.0018103241424480055,552.387264
825,Tomatoes,1.55,2.0,1.0,"Tomatoes, raw",0.0,431.0,Folic acid,UG,0.775,0.775,907.184,0.0017085839256424276,0.0017085839256424276,0.17085839256424276,0.17085839256424276,inf,0.0
826,Tomatoes,1.55,2.0,1.0,"Tomatoes, raw",0.0,610.0,SFA 10:0,G,0.775,0.775,907.184,0.0017085839256424276,0.0017085839256424276,0.17085839256424276,0.17085839256424276,inf,0.0
827,Tomatoes,1.55,2.0,1.0,"Tomatoes, raw",32.0,320.0,"Vitamin A, RAE",UG,0.775,0.775,907.184,0.0017085839256424276,0.0017085839256424276,0.17085839256424276,0.17085839256424276,0.005339324767632586,187.2896
828,Tomatoes,1.55,2.0,1.0,"Tomatoes, raw",0.051,312.0,"Copper, Cu",MG,0.775,0.775,907.184,0.0017085839256424276,0.0017085839256424276,0.17085839256424276,0.17085839256424276,3.3501645600831917,0.29849279999999995
829,Tomatoes,1.55,2.0,1.0,"Tomatoes, raw",4.0,307.0,"Sodium, Na",MG,0.775,0.775,907.184,0.0017085839256424276,0.0017085839256424276,0.17085839256424276,0.17085839256424276,0.04271459814106069,23.4112
830,Tomatoes,1.55,2.0,1.0,"Tomatoes, raw",13.0,435.0,"Folate, DFE",UG,0.775,0.775,907.184,0.0017085839256424276,0.0017085839256424276,0.17085839256424276,0.17085839256424276,0.01314295327417252,76.0864
831,Tomatoes,1.55,2.0,1.0,"Tomatoes, raw",0.0,612.0,SFA 14:0,G,0.775,0.775,907.184,0.0017085839256424276,0.0017085839256424276,0.17085839256424276,0.17085839256424276,inf,0.0
832,Tomatoes,1.55,2.0,1.0,"Tomatoes, raw",0.02,613.0,SFA 16:0,G,0.775,0.775,907.184,0.0017085839256424276,0.0017085839256424276,0.17085839256424276,0.17085839256424276,8.542919628212138,0.117056
833,Tomatoes,1.55,2.0,1.0,"Tomatoes, raw",13.0,432.0,"Folate, food",UG,0.775,0.775,907.184,0.0017085839256424276,0.0017085839256424276,0.17085839256424276,0.17085839256424276,0.01314295327417252,76.0864
834,Tomatoes,1.55,2.0,1.0,"Tomatoes, raw",7.5,430.0,Vitamin K (phylloquinone),UG,0.775,0.775,907.184,0.0017085839256424276,0.0017085839256424276,0.17085839256424276,0.17085839256424276,0.022781119008565703,43.896
835,Tomatoes,1.55,2.0,1.0,"Tomatoes, raw",0.0,608.0,SFA 6:0,G,0.775,0.775,907.184,0.0017085839256424276,0.0017085839256424276,0.17085839256424276,0.17085839256424276,inf,0.0
836,Tomatoes,1.55,2.0,1.0,"Tomatoes, raw",7.0,421.0,"Choline, total",MG,0.775,0.775,907.184,0.0017085839256424276,0.0017085839256424276,0.17085839256424276,0.17085839256424276,0.024408341794891823,40.9696
837,Tomatoes,1.55,2.0,1.0,"Tomatoes, raw",0.58,323.0,Vitamin E (alpha-tocopherol),MG,0.775,0.775,907.184,0.0017085839256424276,0.0017085839256424276,0.17085839256424276,0.17085839256424276,0.294583435455591,3.394624
838,Tomatoes,1.55,2.0,1.0,"Tomatoes, raw",61.0,322.0,"Carotene, alpha",UG,0.775,0.775,907.184,0.0017085839256424276,0.0017085839256424276,0.17085839256424276,0.17085839256424276,0.0028009572551515208,357.0208
839,Tomatoes,1.55,2.0,1.0,"Tomatoes, raw",0.018,405.0,Riboflavin,MG,0.775,0.775,907.184,0.0017085839256424276,0.0017085839256424276,0.17085839256424276,0.17085839256424276,9.49213292023571,0.10535039999999998
840,Tomatoes,1.55,2.0,1.0,"Tomatoes, raw",10.0,301.0,"Calcium, Ca",MG,0.775,0.775,907.184,0.0017085839256424276,0.0017085839256424276,0.17085839256424276,0.17085839256424276,0.017085839256424276,58.528
841,Tomatoes,1.55,2.0,1.0,"Tomatoes, raw",0.0,263.0,Theobromine,MG,0.775,0.775,907.184,0.0017085839256424276,0.0017085839256424276,0.17085839256424276,0.17085839256424276,inf,0.0
842,Tomatoes,1.55,2.0,1.0,"Tomatoes, raw",0.0,609.0,SFA 8:0,G,0.775,0.775,907.184,0.0017085839256424276,0.0017085839256424276,0.17085839256424276,0.17085839256424276,inf,0.0
843,Tomatoes,1.55,2.0,1.0,"Tomatoes, raw",0.82,203.0,Protein,G,0.775,0.775,907.184,0.0017085839256424276,0.0017085839256424276,0.17085839256424276,0.17085839256424276,0.20836389337102776,4.799295999999999
844,Tomatoes,1.55,2.0,1.0,"Tomatoes, raw",0.0,627.0,PUFA 18:4,G,0.775,0.775,907.184,0.0017085839256424276,0.0017085839256424276,0.17085839256424276,0.17085839256424276,inf,0.0
845,Tomatoes,1.55,2.0,1.0,"Tomatoes, raw",0.0,578.0,"Vitamin B-12, added",UG,0.775,0.775,907.184,0.0017085839256424276,0.0017085839256424276,0.17085839256424276,0.17085839256424276,inf,0.0
846,Tomatoes,1.55,2.0,1.0,"Tomatoes, raw",0.15,309.0,"Zinc, Zn",MG,0.775,0.775,907.184,0.0017085839256424276,0.0017085839256424276,0.17085839256424276,0.17085839256424276,1.1390559504282851,0.8779199999999999
847,Tomatoes,1.55,2.0,1.0,"Tomatoes, raw",0.0,262.0,Caffeine,MG,0.775,0.775,907.184,0.0017085839256424276,0.0017085839256424276,0.17085839256424276,0.17085839256424276,inf,0.0
848,Tomatoes,1.55,2.0,1.0,"Tomatoes, raw",0.0,621.0,PUFA 22:6 n-3 (DHA),G,0.775,0.775,907.184,0.0017085839256424276,0.0017085839256424276,0.17085839256424276,0.17085839256424276,inf,0.0
849,Tomatoes,1.55,2.0,1.0,"Tomatoes, raw",0.597,406.0,Niacin,MG,0.775,0.775,907.184,0.0017085839256424276,0.0017085839256424276,0.17085839256424276,0.17085839256424276,0.28619496241916714,3.4941215999999997
850,Tomatoes,1.55,2.0,1.0,"Tomatoes, raw",0.0,631.0,PUFA 22:5 n-3 (DPA),G,0.775,0.775,907.184,0.0017085839256424276,0.0017085839256424276,0.17085839256424276,0.17085839256424276,inf,0.0
851,Tomatoes,1.55,2.0,1.0,"Tomatoes, raw",0.008,614.0,SFA 18:0,G,0.775,0.775,907.184,0.0017085839256424276,0.0017085839256424276,0.17085839256424276,0.17085839256424276,21.357299070530345,0.0468224
852,Tomatoes,1.55,2.0,1.0,"Tomatoes, raw",0.0,573.0,"Vitamin E, added",MG,0.775,0.775,907.184,0.0017085839256424276,0.0017085839256424276,0.17085839256424276,0.17085839256424276,inf,0.0
853,Cucumber,1.0,1.0,1.0,"Cucumber, raw",0.0,621.0,PUFA 22:6 n-3 (DHA),G,1.0,1.0,453.592,0.0022046244201837776,0.0022046244201837776,0.22046244201837775,0.22046244201837775,inf,0.0
854,Cucumber,1.0,1.0,1.0,"Cucumber, raw",0.0,431.0,Folic acid,UG,1.0,1.0,453.592,0.0022046244201837776,0.0022046244201837776,0.22046244201837775,0.22046244201837775,inf,0.0
855,Cucumber,1.0,1.0,1.0,"Cucumber, raw",0.032,646.0,"Fatty acids, total polyunsaturated",G,1.0,1.0,453.592,0.0022046244201837776,0.0022046244201837776,0.22046244201837775,0.22046244201837775,6.8894513130743045,0.14514944
856,Cucumber,1.0,1.0,1.0,"Cucumber, raw",0.0,578.0,"Vitamin B-12, added",UG,1.0,1.0,453.592,0.0022046244201837776,0.0022046244201837776,0.22046244201837775,0.22046244201837775,inf,0.0
857,Cucumber,1.0,1.0,1.0,"Cucumber, raw",0.0,610.0,SFA 10:0,G,1.0,1.0,453.592,0.0022046244201837776,0.0022046244201837776,0.22046244201837775,0.22046244201837775,inf,0.0
858,Cucumber,1.0,1.0,1.0,"Cucumber, raw",0.027,404.0,Thiamin,MG,1.0,1.0,453.592,0.0022046244201837776,0.0022046244201837776,0.22046244201837775,0.22046244201837775,8.165275630310287,0.12246984
859,Cucumber,1.0,1.0,1.0,"Cucumber, raw",2.8,401.0,"Vitamin C, total ascorbic acid",MG,1.0,1.0,453.592,0.0022046244201837776,0.0022046244201837776,0.22046244201837775,0.22046244201837775,0.07873658643513491,12.700576
860,Cucumber,1.0,1.0,1.0,"Cucumber, raw",0.0,609.0,SFA 8:0,G,1.0,1.0,453.592,0.0022046244201837776,0.0022046244201837776,0.22046244201837775,0.22046244201837775,inf,0.0
861,Cucumber,1.0,1.0,1.0,"Cucumber, raw",0.028,613.0,SFA 16:0,G,1.0,1.0,453.592,0.0022046244201837776,0.0022046244201837776,0.22046244201837775,0.22046244201837775,7.873658643513491,0.12700576
862,Cucumber,1.0,1.0,1.0,"Cucumber, raw",0.0,631.0,PUFA 22:5 n-3 (DPA),G,1.0,1.0,453.592,0.0022046244201837776,0.0022046244201837776,0.22046244201837775,0.22046244201837775,inf,0.0
863,Cucumber,1.0,1.0,1.0,"Cucumber, raw",0.0,573.0,"Vitamin E, added",MG,1.0,1.0,453.592,0.0022046244201837776,0.0022046244201837776,0.22046244201837775,0.22046244201837775,inf,0.0
864,Cucumber,1.0,1.0,1.0,"Cucumber, raw",0.0,629.0,PUFA 20:5 n-3 (EPA),G,1.0,1.0,453.592,0.0022046244201837776,0.0022046244201837776,0.22046244201837775,0.22046244201837775,inf,0.0
865,Cucumber,1.0,1.0,1.0,"Cucumber, raw",16.4,430.0,Vitamin K (phylloquinone),UG,1.0,1.0,453.592,0.0022046244201837776,0.0022046244201837776,0.22046244201837775,0.22046244201837775,0.013442831830388888,74.38908799999999
866,Cucumber,1.0,1.0,1.0,"Cucumber, raw",0.03,323.0,Vitamin E (alpha-tocopherol),MG,1.0,1.0,453.592,0.0022046244201837776,0.0022046244201837776,0.22046244201837775,0.22046244201837775,7.348748067279259,0.1360776
867,Cucumber,1.0,1.0,1.0,"Cucumber, raw",0.005,645.0,"Fatty acids, total monounsaturated",G,1.0,1.0,453.592,0.0022046244201837776,0.0022046244201837776,0.22046244201837775,0.22046244201837775,44.09248840367555,0.0226796
868,Cucumber,1.0,1.0,1.0,"Cucumber, raw",0.5,291.0,"Fiber, total dietary",G,1.0,1.0,453.592,0.0022046244201837776,0.0022046244201837776,0.22046244201837775,0.22046244201837775,0.4409248840367555,2.26796
869,Cucumber,1.0,1.0,1.0,"Cucumber, raw",26.0,334.0,"Cryptoxanthin, beta",UG,1.0,1.0,453.592,0.0022046244201837776,0.0022046244201837776,0.22046244201837775,0.22046244201837775,0.00847932469301453,117.93392
870,Cucumber,1.0,1.0,1.0,"Cucumber, raw",23.0,338.0,Lutein + zeaxanthin,UG,1.0,1.0,453.592,0.0022046244201837776,0.0022046244201837776,0.22046244201837775,0.22046244201837775,0.009585323566016424,104.32616
871,Cucumber,1.0,1.0,1.0,"Cucumber, raw",0.0,630.0,MUFA 22:1,G,1.0,1.0,453.592,0.0022046244201837776,0.0022046244201837776,0.22046244201837775,0.22046244201837775,inf,0.0
872,Cucumber,1.0,1.0,1.0,"Cucumber, raw",3.63,205.0,"Carbohydrate, by difference",G,1.0,1.0,453.592,0.0022046244201837776,0.0022046244201837776,0.22046244201837775,0.22046244201837775,0.060733455101481475,16.465389599999998
873,Cucumber,1.0,1.0,1.0,"Cucumber, raw",0.0,620.0,PUFA 20:4,G,1.0,1.0,453.592,0.0022046244201837776,0.0022046244201837776,0.22046244201837775,0.22046244201837775,inf,0.0
874,Cucumber,1.0,1.0,1.0,"Cucumber, raw",7.0,435.0,"Folate, DFE",UG,1.0,1.0,453.592,0.0022046244201837776,0.0022046244201837776,0.22046244201837775,0.22046244201837775,0.031494634574053965,31.75144
875,Cucumber,1.0,1.0,1.0,"Cucumber, raw",5.0,320.0,"Vitamin A, RAE",UG,1.0,1.0,453.592,0.0022046244201837776,0.0022046244201837776,0.22046244201837775,0.22046244201837775,0.04409248840367555,22.6796
876,Cucumber,1.0,1.0,1.0,"Cucumber, raw",0.005,612.0,SFA 14:0,G,1.0,1.0,453.592,0.0022046244201837776,0.0022046244201837776,0.22046244201837775,0.22046244201837775,44.09248840367555,0.0226796
877,Cucumber,1.0,1.0,1.0,"Cucumber, raw",0.0,262.0,Caffeine,MG,1.0,1.0,453.592,0.0022046244201837776,0.0022046244201837776,0.22046244201837775,0.22046244201837775,inf,0.0
878,Cucumber,1.0,1.0,1.0,"Cucumber, raw",0.033,405.0,Riboflavin,MG,1.0,1.0,453.592,0.0022046244201837776,0.0022046244201837776,0.22046244201837775,0.22046244201837775,6.6806800611629615,0.14968536000000002
879,Cucumber,1.0,1.0,1.0,"Cucumber, raw",15.0,208.0,Energy,KCAL,1.0,1.0,453.592,0.0022046244201837776,0.0022046244201837776,0.22046244201837775,0.22046244201837775,0.014697496134558516,68.0388
880,Cucumber,1.0,1.0,1.0,"Cucumber, raw",0.037,606.0,"Fatty acids, total saturated",G,1.0,1.0,453.592,0.0022046244201837776,0.0022046244201837776,0.22046244201837775,0.22046244201837775,5.9584443788750745,0.16782903999999998
881,Cucumber,1.0,1.0,1.0,"Cucumber, raw",16.0,301.0,"Calcium, Ca",MG,1.0,1.0,453.592,0.0022046244201837776,0.0022046244201837776,0.22046244201837775,0.22046244201837775,0.01377890262614861,72.57472
882,Cucumber,1.0,1.0,1.0,"Cucumber, raw",0.0,418.0,Vitamin B-12,UG,1.0,1.0,453.592,0.0022046244201837776,0.0022046244201837776,0.22046244201837775,0.22046244201837775,inf,0.0
883,Cucumber,1.0,1.0,1.0,"Cucumber, raw",0.005,617.0,MUFA 18:1,G,1.0,1.0,453.592,0.0022046244201837776,0.0022046244201837776,0.22046244201837775,0.22046244201837775,44.09248840367555,0.0226796
884,Cucumber,1.0,1.0,1.0,"Cucumber, raw",0.005,619.0,PUFA 18:3,G,1.0,1.0,453.592,0.0022046244201837776,0.0022046244201837776,0.22046244201837775,0.22046244201837775,44.09248840367555,0.0226796
885,Cucumber,1.0,1.0,1.0,"Cucumber, raw",147.0,306.0,"Potassium, K",MG,1.0,1.0,453.592,0.0022046244201837776,0.0022046244201837776,0.22046244201837775,0.22046244201837775,0.0014997445035263793,666.7802399999999
886,Cucumber,1.0,1.0,1.0,"Cucumber, raw",0.0,601.0,Cholesterol,MG,1.0,1.0,453.592,0.0022046244201837776,0.0022046244201837776,0.22046244201837775,0.22046244201837775,inf,0.0
887,Cucumber,1.0,1.0,1.0,"Cucumber, raw",0.2,309.0,"Zinc, Zn",MG,1.0,1.0,453.592,0.0022046244201837776,0.0022046244201837776,0.22046244201837775,0.22046244201837775,1.1023122100918887,0.907184
888,Cucumber,1.0,1.0,1.0,"Cucumber, raw",45.0,321.0,"Carotene, beta",UG,1.0,1.0,453.592,0.0022046244201837776,0.0022046244201837776,0.22046244201837775,0.22046244201837775,0.004899165378186172,204.1164
889,Cucumber,1.0,1.0,1.0,"Cucumber, raw",0.11,204.0,Total lipid (fat),G,1.0,1.0,453.592,0.0022046244201837776,0.0022046244201837776,0.22046244201837775,0.22046244201837775,2.0042040183488887,0.4989512
890,Cucumber,1.0,1.0,1.0,"Cucumber, raw",0.0,608.0,SFA 6:0,G,1.0,1.0,453.592,0.0022046244201837776,0.0022046244201837776,0.22046244201837775,0.22046244201837775,inf,0.0
891,Cucumber,1.0,1.0,1.0,"Cucumber, raw",11.0,322.0,"Carotene, alpha",UG,1.0,1.0,453.592,0.0022046244201837776,0.0022046244201837776,0.22046244201837775,0.22046244201837775,0.020042040183488888,49.89512
892,Cucumber,1.0,1.0,1.0,"Cucumber, raw",0.098,406.0,Niacin,MG,1.0,1.0,453.592,0.0022046244201837776,0.0022046244201837776,0.22046244201837775,0.22046244201837775,2.2496167552895687,0.44452016
893,Cucumber,1.0,1.0,1.0,"Cucumber, raw",0.0,337.0,Lycopene,UG,1.0,1.0,453.592,0.0022046244201837776,0.0022046244201837776,0.22046244201837775,0.22046244201837775,inf,0.0
894,Cucumber,1.0,1.0,1.0,"Cucumber, raw",0.65,203.0,Protein,G,1.0,1.0,453.592,0.0022046244201837776,0.0022046244201837776,0.22046244201837775,0.22046244201837775,0.33917298772058113,2.948348
895,Cucumber,1.0,1.0,1.0,"Cucumber, raw",0.005,614.0,SFA 18:0,G,1.0,1.0,453.592,0.0022046244201837776,0.0022046244201837776,0.22046244201837775,0.22046244201837775,44.09248840367555,0.0226796
896,Cucumber,1.0,1.0,1.0,"Cucumber, raw",0.0,328.0,Vitamin D (D2 + D3),UG,1.0,1.0,453.592,0.0022046244201837776,0.0022046244201837776,0.22046244201837775,0.22046244201837775,inf,0.0
897,Cucumber,1.0,1.0,1.0,"Cucumber, raw",0.0,319.0,Retinol,UG,1.0,1.0,453.592,0.0022046244201837776,0.0022046244201837776,0.22046244201837775,0.22046244201837775,inf,0.0
898,Cucumber,1.0,1.0,1.0,"Cucumber, raw",0.0,627.0,PUFA 18:4,G,1.0,1.0,453.592,0.0022046244201837776,0.0022046244201837776,0.22046244201837775,0.22046244201837775,inf,0.0
899,Cucumber,1.0,1.0,1.0,"Cucumber, raw",0.028,618.0,PUFA 18:2,G,1.0,1.0,453.592,0.0022046244201837776,0.0022046244201837776,0.22046244201837775,0.22046244201837775,7.873658643513491,0.12700576
900,Cucumber,1.0,1.0,1.0,"Cucumber, raw",95.23,255.0,Water,G,1.0,1.0,453.592,0.0022046244201837776,0.0022046244201837776,0.22046244201837775,0.22046244201837775,0.0023150524206487213,431.9556616
901,Cucumber,1.0,1.0,1.0,"Cucumber, raw",0.041,312.0,"Copper, Cu",MG,1.0,1.0,453.592,0.0022046244201837776,0.0022046244201837776,0.22046244201837775,0.22046244201837775,5.377132732155554,0.18597272
902,Cucumber,1.0,1.0,1.0,"Cucumber, raw",1.67,269.0,"Sugars, Total",G,1.0,1.0,453.592,0.0022046244201837776,0.0022046244201837776,0.22046244201837775,0.22046244201837775,0.13201343833435794,7.574986399999999
903,Cucumber,1.0,1.0,1.0,"Cucumber, raw",7.0,417.0,"Folate, total",UG,1.0,1.0,453.592,0.0022046244201837776,0.0022046244201837776,0.22046244201837775,0.22046244201837775,0.031494634574053965,31.75144
904,Cucumber,1.0,1.0,1.0,"Cucumber, raw",2.0,307.0,"Sodium, Na",MG,1.0,1.0,453.592,0.0022046244201837776,0.0022046244201837776,0.22046244201837775,0.22046244201837775,0.11023122100918888,9.07184
905,Cucumber,1.0,1.0,1.0,"Cucumber, raw",0.3,317.0,"Selenium, Se",UG,1.0,1.0,453.592,0.0022046244201837776,0.0022046244201837776,0.22046244201837775,0.22046244201837775,0.7348748067279258,1.360776
906,Cucumber,1.0,1.0,1.0,"Cucumber, raw",0.0,607.0,SFA 4:0,G,1.0,1.0,453.592,0.0022046244201837776,0.0022046244201837776,0.22046244201837775,0.22046244201837775,inf,0.0
907,Cucumber,1.0,1.0,1.0,"Cucumber, raw",0.0,263.0,Theobromine,MG,1.0,1.0,453.592,0.0022046244201837776,0.0022046244201837776,0.22046244201837775,0.22046244201837775,inf,0.0
908,Cucumber,1.0,1.0,1.0,"Cucumber, raw",0.28,303.0,"Iron, Fe",MG,1.0,1.0,453.592,0.0022046244201837776,0.0022046244201837776,0.22046244201837775,0.22046244201837775,0.787365864351349,1.2700576000000001
909,Cucumber,1.0,1.0,1.0,"Cucumber, raw",0.0,626.0,MUFA 16:1,G,1.0,1.0,453.592,0.0022046244201837776,0.0022046244201837776,0.22046244201837775,0.22046244201837775,inf,0.0
910,Cucumber,1.0,1.0,1.0,"Cucumber, raw",13.0,304.0,"Magnesium, Mg",MG,1.0,1.0,453.592,0.0022046244201837776,0.0022046244201837776,0.22046244201837775,0.22046244201837775,0.01695864938602906,58.96696
911,Cucumber,1.0,1.0,1.0,"Cucumber, raw",0.04,415.0,Vitamin B-6,MG,1.0,1.0,453.592,0.0022046244201837776,0.0022046244201837776,0.22046244201837775,0.22046244201837775,5.511561050459444,0.1814368
912,Cucumber,1.0,1.0,1.0,"Cucumber, raw",0.0,611.0,SFA 12:0,G,1.0,1.0,453.592,0.0022046244201837776,0.0022046244201837776,0.22046244201837775,0.22046244201837775,inf,0.0
913,Cucumber,1.0,1.0,1.0,"Cucumber, raw",24.0,305.0,"Phosphorus, P",MG,1.0,1.0,453.592,0.0022046244201837776,0.0022046244201837776,0.22046244201837775,0.22046244201837775,0.009185935084099072,108.86207999999999
914,Cucumber,1.0,1.0,1.0,"Cucumber, raw",0.0,221.0,"Alcohol, ethyl",G,1.0,1.0,453.592,0.0022046244201837776,0.0022046244201837776,0.22046244201837775,0.22046244201837775,inf,0.0
915,Cucumber,1.0,1.0,1.0,"Cucumber, raw",0.0,628.0,MUFA 20:1,G,1.0,1.0,453.592,0.0022046244201837776,0.0022046244201837776,0.22046244201837775,0.22046244201837775,inf,0.0
916,Cucumber,1.0,1.0,1.0,"Cucumber, raw",6.0,421.0,"Choline, total",MG,1.0,1.0,453.592,0.0022046244201837776,0.0022046244201837776,0.22046244201837775,0.22046244201837775,0.03674374033639629,27.215519999999998
917,Cucumber,1.0,1.0,1.0,"Cucumber, raw",7.0,432.0,"Folate, food",UG,1.0,1.0,453.592,0.0022046244201837776,0.0022046244201837776,0.22046244201837775,0.22046244201837775,0.031494634574053965,31.75144
918,Zucchini,2.18,1.45,1.0,"Summer squash, green, raw",0.011,645.0,"Fatty acids, total monounsaturated",G,1.503448275862069,1.503448275862069,657.7084,0.003314538783448714,0.003314538783448714,0.3314538783448714,0.3314538783448714,30.132170758624675,0.03318712110091743
919,Zucchini,2.18,1.45,1.0,"Summer squash, green, raw",0.0,328.0,Vitamin D (D2 + D3),UG,1.503448275862069,1.503448275862069,657.7084,0.003314538783448714,0.003314538783448714,0.3314538783448714,0.3314538783448714,inf,0.0
920,Zucchini,2.18,1.45,1.0,"Summer squash, green, raw",0.0,573.0,"Vitamin E, added",MG,1.503448275862069,1.503448275862069,657.7084,0.003314538783448714,0.003314538783448714,0.3314538783448714,0.3314538783448714,inf,0.0
921,Zucchini,2.18,1.45,1.0,"Summer squash, green, raw",0.0,221.0,"Alcohol, ethyl",G,1.503448275862069,1.503448275862069,657.7084,0.003314538783448714,0.003314538783448714,0.3314538783448714,0.3314538783448714,inf,0.0
922,Zucchini,2.18,1.45,1.0,"Summer squash, green, raw",18.0,304.0,"Magnesium, Mg",MG,1.503448275862069,1.503448275862069,657.7084,0.003314538783448714,0.003314538783448714,0.3314538783448714,0.3314538783448714,0.018414104352492855,54.306198165137616
923,Zucchini,2.18,1.45,1.0,"Summer squash, green, raw",0.091,646.0,"Fatty acids, total polyunsaturated",G,1.503448275862069,1.503448275862069,657.7084,0.003314538783448714,0.003314538783448714,0.3314538783448714,0.3314538783448714,3.642350311482103,0.2745480018348624
924,Zucchini,2.18,1.45,1.0,"Summer squash, green, raw",4.3,430.0,Vitamin K (phylloquinone),UG,1.503448275862069,1.503448275862069,657.7084,0.003314538783448714,0.003314538783448714,0.3314538783448714,0.3314538783448714,0.07708229728950498,12.97314733944954
925,Zucchini,2.18,1.45,1.0,"Summer squash, green, raw",0.002,626.0,MUFA 16:1,G,1.503448275862069,1.503448275862069,657.7084,0.003314538783448714,0.003314538783448714,0.3314538783448714,0.3314538783448714,165.7269391724357,0.006034022018348624
926,Zucchini,2.18,1.45,1.0,"Summer squash, green, raw",24.0,417.0,"Folate, total",UG,1.503448275862069,1.503448275862069,657.7084,0.003314538783448714,0.003314538783448714,0.3314538783448714,0.3314538783448714,0.013810578264369641,72.40826422018348
927,Zucchini,2.18,1.45,1.0,"Summer squash, green, raw",0.0,607.0,SFA 4:0,G,1.503448275862069,1.503448275862069,657.7084,0.003314538783448714,0.003314538783448714,0.3314538783448714,0.3314538783448714,inf,0.0
928,Zucchini,2.18,1.45,1.0,"Summer squash, green, raw",120.0,321.0,"Carotene, beta",UG,1.503448275862069,1.503448275862069,657.7084,0.003314538783448714,0.003314538783448714,0.3314538783448714,0.3314538783448714,0.0027621156528739284,362.0413211009174
929,Zucchini,2.18,1.45,1.0,"Summer squash, green, raw",1.0,291.0,"Fiber, total dietary",G,1.503448275862069,1.503448275862069,657.7084,0.003314538783448714,0.003314538783448714,0.3314538783448714,0.3314538783448714,0.3314538783448714,3.0170110091743116
930,Zucchini,2.18,1.45,1.0,"Summer squash, green, raw",0.0,608.0,SFA 6:0,G,1.503448275862069,1.503448275862069,657.7084,0.003314538783448714,0.003314538783448714,0.3314538783448714,0.3314538783448714,inf,0.0
931,Zucchini,2.18,1.45,1.0,"Summer squash, green, raw",0.32,204.0,Total lipid (fat),G,1.503448275862069,1.503448275862069,657.7084,0.003314538783448714,0.003314538783448714,0.3314538783448714,0.3314538783448714,1.035793369827723,0.9654435229357798
932,Zucchini,2.18,1.45,1.0,"Summer squash, green, raw",0.053,312.0,"Copper, Cu",MG,1.503448275862069,1.503448275862069,657.7084,0.003314538783448714,0.003314538783448714,0.3314538783448714,0.3314538783448714,6.253846761223989,0.1599015834862385
933,Zucchini,2.18,1.45,1.0,"Summer squash, green, raw",0.003,611.0,SFA 12:0,G,1.503448275862069,1.503448275862069,657.7084,0.003314538783448714,0.003314538783448714,0.3314538783448714,0.3314538783448714,110.48462611495712,0.009051033027522935
934,Zucchini,2.18,1.45,1.0,"Summer squash, green, raw",0.0,627.0,PUFA 18:4,G,1.503448275862069,1.503448275862069,657.7084,0.003314538783448714,0.003314538783448714,0.3314538783448714,0.3314538783448714,inf,0.0
935,Zucchini,2.18,1.45,1.0,"Summer squash, green, raw",0.0,609.0,SFA 8:0,G,1.503448275862069,1.503448275862069,657.7084,0.003314538783448714,0.003314538783448714,0.3314538783448714,0.3314538783448714,inf,0.0
936,Zucchini,2.18,1.45,1.0,"Summer squash, green, raw",0.0,337.0,Lycopene,UG,1.503448275862069,1.503448275862069,657.7084,0.003314538783448714,0.003314538783448714,0.3314538783448714,0.3314538783448714,inf,0.0
937,Zucchini,2.18,1.45,1.0,"Summer squash, green, raw",0.0,334.0,"Cryptoxanthin, beta",UG,1.503448275862069,1.503448275862069,657.7084,0.003314538783448714,0.003314538783448714,0.3314538783448714,0.3314538783448714,inf,0.0
938,Zucchini,2.18,1.45,1.0,"Summer squash, green, raw",0.0,620.0,PUFA 20:4,G,1.503448275862069,1.503448275862069,657.7084,0.003314538783448714,0.003314538783448714,0.3314538783448714,0.3314538783448714,inf,0.0
939,Zucchini,2.18,1.45,1.0,"Summer squash, green, raw",0.03,618.0,PUFA 18:2,G,1.503448275862069,1.503448275862069,657.7084,0.003314538783448714,0.003314538783448714,0.3314538783448714,0.3314538783448714,11.048462611495713,0.09051033027522935
940,Zucchini,2.18,1.45,1.0,"Summer squash, green, raw",38.0,305.0,"Phosphorus, P",MG,1.503448275862069,1.503448275862069,657.7084,0.003314538783448714,0.003314538783448714,0.3314538783448714,0.3314538783448714,0.008722470482759773,114.64641834862385
941,Zucchini,2.18,1.45,1.0,"Summer squash, green, raw",0.061,619.0,PUFA 18:3,G,1.503448275862069,1.503448275862069,657.7084,0.003314538783448714,0.003314538783448714,0.3314538783448714,0.3314538783448714,5.433670136801171,0.18403767155963302
942,Zucchini,2.18,1.45,1.0,"Summer squash, green, raw",261.0,306.0,"Potassium, K",MG,1.503448275862069,1.503448275862069,657.7084,0.003314538783448714,0.003314538783448714,0.3314538783448714,0.3314538783448714,0.0012699382312064038,787.4398733944954
943,Zucchini,2.18,1.45,1.0,"Summer squash, green, raw",0.0,322.0,"Carotene, alpha",UG,1.503448275862069,1.503448275862069,657.7084,0.003314538783448714,0.003314538783448714,0.3314538783448714,0.3314538783448714,inf,0.0
944,Zucchini,2.18,1.45,1.0,"Summer squash, green, raw",24.0,435.0,"Folate, DFE",UG,1.503448275862069,1.503448275862069,657.7084,0.003314538783448714,0.003314538783448714,0.3314538783448714,0.3314538783448714,0.013810578264369641,72.40826422018348
945,Zucchini,2.18,1.45,1.0,"Summer squash, green, raw",0.094,405.0,Riboflavin,MG,1.503448275862069,1.503448275862069,657.7084,0.003314538783448714,0.003314538783448714,0.3314538783448714,0.3314538783448714,3.5261050887752274,0.2835990348623853
946,Zucchini,2.18,1.45,1.0,"Summer squash, green, raw",0.0,578.0,"Vitamin B-12, added",UG,1.503448275862069,1.503448275862069,657.7084,0.003314538783448714,0.003314538783448714,0.3314538783448714,0.3314538783448714,inf,0.0
947,Zucchini,2.18,1.45,1.0,"Summer squash, green, raw",0.048,613.0,SFA 16:0,G,1.503448275862069,1.503448275862069,657.7084,0.003314538783448714,0.003314538783448714,0.3314538783448714,0.3314538783448714,6.90528913218482,0.14481652844036697
948,Zucchini,2.18,1.45,1.0,"Summer squash, green, raw",0.0,630.0,MUFA 22:1,G,1.503448275862069,1.503448275862069,657.7084,0.003314538783448714,0.003314538783448714,0.3314538783448714,0.3314538783448714,inf,0.0
949,Zucchini,2.18,1.45,1.0,"Summer squash, green, raw",2.5,269.0,"Sugars, Total",G,1.503448275862069,1.503448275862069,657.7084,0.003314538783448714,0.003314538783448714,0.3314538783448714,0.3314538783448714,0.13258155133794855,7.54252752293578
950,Zucchini,2.18,1.45,1.0,"Summer squash, green, raw",0.0,319.0,Retinol,UG,1.503448275862069,1.503448275862069,657.7084,0.003314538783448714,0.003314538783448714,0.3314538783448714,0.3314538783448714,inf,0.0
951,Zucchini,2.18,1.45,1.0,"Summer squash, green, raw",8.0,307.0,"Sodium, Na",MG,1.503448275862069,1.503448275862069,657.7084,0.003314538783448714,0.003314538783448714,0.3314538783448714,0.3314538783448714,0.041431734793108924,24.136088073394493
952,Zucchini,2.18,1.45,1.0,"Summer squash, green, raw",0.0,262.0,Caffeine,MG,1.503448275862069,1.503448275862069,657.7084,0.003314538783448714,0.003314538783448714,0.3314538783448714,0.3314538783448714,inf,0.0
953,Zucchini,2.18,1.45,1.0,"Summer squash, green, raw",0.163,415.0,Vitamin B-6,MG,1.503448275862069,1.503448275862069,657.7084,0.003314538783448714,0.003314538783448714,0.3314538783448714,0.3314538783448714,2.033459376348904,0.49177279449541283
954,Zucchini,2.18,1.45,1.0,"Summer squash, green, raw",0.12,323.0,Vitamin E (alpha-tocopherol),MG,1.503448275862069,1.503448275862069,657.7084,0.003314538783448714,0.003314538783448714,0.3314538783448714,0.3314538783448714,2.7621156528739284,0.3620413211009174
955,Zucchini,2.18,1.45,1.0,"Summer squash, green, raw",0.006,614.0,SFA 18:0,G,1.503448275862069,1.503448275862069,657.7084,0.003314538783448714,0.003314538783448714,0.3314538783448714,0.3314538783448714,55.24231305747856,0.01810206605504587
956,Zucchini,2.18,1.45,1.0,"Summer squash, green, raw",9.5,421.0,"Choline, total",MG,1.503448275862069,1.503448275862069,657.7084,0.003314538783448714,0.003314538783448714,0.3314538783448714,0.3314538783448714,0.03488988193103909,28.661604587155963
957,Zucchini,2.18,1.45,1.0,"Summer squash, green, raw",0.0,263.0,Theobromine,MG,1.503448275862069,1.503448275862069,657.7084,0.003314538783448714,0.003314538783448714,0.3314538783448714,0.3314538783448714,inf,0.0
958,Zucchini,2.18,1.45,1.0,"Summer squash, green, raw",0.451,406.0,Niacin,MG,1.503448275862069,1.503448275862069,657.7084,0.003314538783448714,0.003314538783448714,0.3314538783448714,0.3314538783448714,0.7349309941127968,1.3606719651376147
959,Zucchini,2.18,1.45,1.0,"Summer squash, green, raw",24.0,432.0,"Folate, food",UG,1.503448275862069,1.503448275862069,657.7084,0.003314538783448714,0.003314538783448714,0.3314538783448714,0.3314538783448714,0.013810578264369641,72.40826422018348
960,Zucchini,2.18,1.45,1.0,"Summer squash, green, raw",0.0,418.0,Vitamin B-12,UG,1.503448275862069,1.503448275862069,657.7084,0.003314538783448714,0.003314538783448714,0.3314538783448714,0.3314538783448714,inf,0.0
961,Zucchini,2.18,1.45,1.0,"Summer squash, green, raw",0.0,631.0,PUFA 22:5 n-3 (DPA),G,1.503448275862069,1.503448275862069,657.7084,0.003314538783448714,0.003314538783448714,0.3314538783448714,0.3314538783448714,inf,0.0
962,Zucchini,2.18,1.45,1.0,"Summer squash, green, raw",0.0,629.0,PUFA 20:5 n-3 (EPA),G,1.503448275862069,1.503448275862069,657.7084,0.003314538783448714,0.003314538783448714,0.3314538783448714,0.3314538783448714,inf,0.0
963,Zucchini,2.18,1.45,1.0,"Summer squash, green, raw",1.21,203.0,Protein,G,1.503448275862069,1.503448275862069,657.7084,0.003314538783448714,0.003314538783448714,0.3314538783448714,0.3314538783448714,0.2739288250784061,3.650583321100917
964,Zucchini,2.18,1.45,1.0,"Summer squash, green, raw",94.79,255.0,Water,G,1.503448275862069,1.503448275862069,657.7084,0.003314538783448714,0.003314538783448714,0.3314538783448714,0.3314538783448714,0.0034967177797749906,285.98247355963304
965,Zucchini,2.18,1.45,1.0,"Summer squash, green, raw",0.0,628.0,MUFA 20:1,G,1.503448275862069,1.503448275862069,657.7084,0.003314538783448714,0.003314538783448714,0.3314538783448714,0.3314538783448714,inf,0.0
966,Zucchini,2.18,1.45,1.0,"Summer squash, green, raw",0.016,610.0,SFA 10:0,G,1.503448275862069,1.503448275862069,657.7084,0.003314538783448714,0.003314538783448714,0.3314538783448714,0.3314538783448714,20.71586739655446,0.04827217614678899
967,Zucchini,2.18,1.45,1.0,"Summer squash, green, raw",0.32,309.0,"Zinc, Zn",MG,1.503448275862069,1.503448275862069,657.7084,0.003314538783448714,0.003314538783448714,0.3314538783448714,0.3314538783448714,1.035793369827723,0.9654435229357798
968,Zucchini,2.18,1.45,1.0,"Summer squash, green, raw",0.0,621.0,PUFA 22:6 n-3 (DHA),G,1.503448275862069,1.503448275862069,657.7084,0.003314538783448714,0.003314538783448714,0.3314538783448714,0.3314538783448714,inf,0.0
969,Zucchini,2.18,1.45,1.0,"Summer squash, green, raw",0.2,317.0,"Selenium, Se",UG,1.503448275862069,1.503448275862069,657.7084,0.003314538783448714,0.003314538783448714,0.3314538783448714,0.3314538783448714,1.6572693917243568,0.6034022018348624
970,Zucchini,2.18,1.45,1.0,"Summer squash, green, raw",17.0,208.0,Energy,KCAL,1.503448275862069,1.503448275862069,657.7084,0.003314538783448714,0.003314538783448714,0.3314538783448714,0.3314538783448714,0.019497286961463023,51.2891871559633
971,Zucchini,2.18,1.45,1.0,"Summer squash, green, raw",0.37,303.0,"Iron, Fe",MG,1.503448275862069,1.503448275862069,657.7084,0.003314538783448714,0.003314538783448714,0.3314538783448714,0.3314538783448714,0.8958212928239767,1.1162940733944953
972,Zucchini,2.18,1.45,1.0,"Summer squash, green, raw",2125.0,338.0,Lutein + zeaxanthin,UG,1.503448275862069,1.503448275862069,657.7084,0.003314538783448714,0.003314538783448714,0.3314538783448714,0.3314538783448714,0.00015597829569170417,6411.1483944954125
973,Zucchini,2.18,1.45,1.0,"Summer squash, green, raw",3.11,205.0,"Carbohydrate, by difference",G,1.503448275862069,1.503448275862069,657.7084,0.003314538783448714,0.003314538783448714,0.3314538783448714,0.3314538783448714,0.10657680975719337,9.38290423853211
974,Zucchini,2.18,1.45,1.0,"Summer squash, green, raw",16.0,301.0,"Calcium, Ca",MG,1.503448275862069,1.503448275862069,657.7084,0.003314538783448714,0.003314538783448714,0.3314538783448714,0.3314538783448714,0.020715867396554462,48.272176146788986
975,Zucchini,2.18,1.45,1.0,"Summer squash, green, raw",0.001,612.0,SFA 14:0,G,1.503448275862069,1.503448275862069,657.7084,0.003314538783448714,0.003314538783448714,0.3314538783448714,0.3314538783448714,331.4538783448714,0.003017011009174312
976,Zucchini,2.18,1.45,1.0,"Summer squash, green, raw",17.9,401.0,"Vitamin C, total ascorbic acid",MG,1.503448275862069,1.503448275862069,657.7084,0.003314538783448714,0.003314538783448714,0.3314538783448714,0.3314538783448714,0.018516976443847564,54.004497064220175
977,Zucchini,2.18,1.45,1.0,"Summer squash, green, raw",0.007,617.0,MUFA 18:1,G,1.503448275862069,1.503448275862069,657.7084,0.003314538783448714,0.003314538783448714,0.3314538783448714,0.3314538783448714,47.35055404926734,0.021119077064220185
978,Zucchini,2.18,1.45,1.0,"Summer squash, green, raw",10.0,320.0,"Vitamin A, RAE",UG,1.503448275862069,1.503448275862069,657.7084,0.003314538783448714,0.003314538783448714,0.3314538783448714,0.3314538783448714,0.03314538783448714,30.17011009174312
979,Zucchini,2.18,1.45,1.0,"Summer squash, green, raw",0.0,431.0,Folic acid,UG,1.503448275862069,1.503448275862069,657.7084,0.003314538783448714,0.003314538783448714,0.3314538783448714,0.3314538783448714,inf,0.0
980,Zucchini,2.18,1.45,1.0,"Summer squash, green, raw",0.084,606.0,"Fatty acids, total saturated",G,1.503448275862069,1.503448275862069,657.7084,0.003314538783448714,0.003314538783448714,0.3314538783448714,0.3314538783448714,3.9458795041056116,0.2534289247706422
981,Zucchini,2.18,1.45,1.0,"Summer squash, green, raw",0.0,601.0,Cholesterol,MG,1.503448275862069,1.503448275862069,657.7084,0.003314538783448714,0.003314538783448714,0.3314538783448714,0.3314538783448714,inf,0.0
982,Zucchini,2.18,1.45,1.0,"Summer squash, green, raw",0.045,404.0,Thiamin,MG,1.503448275862069,1.503448275862069,657.7084,0.003314538783448714,0.003314538783448714,0.3314538783448714,0.3314538783448714,7.365641740997142,0.13576549541284402
983,Eggplant,1.5,1.0,1.0,"Eggplant, raw",0.0,610.0,SFA 10:0,G,1.5,1.5,453.592,0.003306936630275666,0.003306936630275666,0.33069366302756664,0.33069366302756664,inf,0.0
984,Eggplant,1.5,1.0,1.0,"Eggplant, raw",0.0,629.0,PUFA 20:5 n-3 (EPA),G,1.5,1.5,453.592,0.003306936630275666,0.003306936630275666,0.33069366302756664,0.33069366302756664,inf,0.0
985,Eggplant,1.5,1.0,1.0,"Eggplant, raw",2.2,401.0,"Vitamin C, total ascorbic acid",MG,1.5,1.5,453.592,0.003306936630275666,0.003306936630275666,0.33069366302756664,0.33069366302756664,0.15031530137616664,6.652682666666667
986,Eggplant,1.5,1.0,1.0,"Eggplant, raw",0.081,312.0,"Copper, Cu",MG,1.5,1.5,453.592,0.003306936630275666,0.003306936630275666,0.33069366302756664,0.33069366302756664,4.0826378151551435,0.24493968
987,Eggplant,1.5,1.0,1.0,"Eggplant, raw",0.0,328.0,Vitamin D (D2 + D3),UG,1.5,1.5,453.592,0.003306936630275666,0.003306936630275666,0.33069366302756664,0.33069366302756664,inf,0.0
988,Eggplant,1.5,1.0,1.0,"Eggplant, raw",0.037,405.0,Riboflavin,MG,1.5,1.5,453.592,0.003306936630275666,0.003306936630275666,0.33069366302756664,0.33069366302756664,8.937666568312613,0.11188602666666665
989,Eggplant,1.5,1.0,1.0,"Eggplant, raw",2.0,307.0,"Sodium, Na",MG,1.5,1.5,453.592,0.003306936630275666,0.003306936630275666,0.33069366302756664,0.33069366302756664,0.16534683151378332,6.047893333333333
990,Eggplant,1.5,1.0,1.0,"Eggplant, raw",0.0,578.0,"Vitamin B-12, added",UG,1.5,1.5,453.592,0.003306936630275666,0.003306936630275666,0.33069366302756664,0.33069366302756664,inf,0.0
991,Eggplant,1.5,1.0,1.0,"Eggplant, raw",0.076,646.0,"Fatty acids, total polyunsaturated",G,1.5,1.5,453.592,0.003306936630275666,0.003306936630275666,0.33069366302756664,0.33069366302756664,4.351232408257456,0.22981994666666664
992,Eggplant,1.5,1.0,1.0,"Eggplant, raw",3.53,269.0,"Sugars, Total",G,1.5,1.5,453.592,0.003306936630275666,0.003306936630275666,0.33069366302756664,0.33069366302756664,0.09368092437041549,10.674531733333332
993,Eggplant,1.5,1.0,1.0,"Eggplant, raw",0.0,630.0,MUFA 22:1,G,1.5,1.5,453.592,0.003306936630275666,0.003306936630275666,0.33069366302756664,0.33069366302756664,inf,0.0
994,Eggplant,1.5,1.0,1.0,"Eggplant, raw",0.084,415.0,Vitamin B-6,MG,1.5,1.5,453.592,0.003306936630275666,0.003306936630275666,0.33069366302756664,0.33069366302756664,3.9368293217567456,0.25401152
995,Eggplant,1.5,1.0,1.0,"Eggplant, raw",0.0,337.0,Lycopene,UG,1.5,1.5,453.592,0.003306936630275666,0.003306936630275666,0.33069366302756664,0.33069366302756664,inf,0.0
996,Eggplant,1.5,1.0,1.0,"Eggplant, raw",0.039,404.0,Thiamin,MG,1.5,1.5,453.592,0.003306936630275666,0.003306936630275666,0.33069366302756664,0.33069366302756664,8.47932469301453,0.11793392
997,Eggplant,1.5,1.0,1.0,"Eggplant, raw",25.0,208.0,Energy,KCAL,1.5,1.5,453.592,0.003306936630275666,0.003306936630275666,0.33069366302756664,0.33069366302756664,0.013227746521102667,75.59866666666666
998,Eggplant,1.5,1.0,1.0,"Eggplant, raw",0.0,608.0,SFA 6:0,G,1.5,1.5,453.592,0.003306936630275666,0.003306936630275666,0.33069366302756664,0.33069366302756664,inf,0.0
999,Eggplant,1.5,1.0,1.0,"Eggplant, raw",22.0,435.0,"Folate, DFE",UG,1.5,1.5,453.592,0.003306936630275666,0.003306936630275666,0.33069366302756664,0.33069366302756664,0.015031530137616666,66.52682666666666
1000,Eggplant,1.5,1.0,1.0,"Eggplant, raw",0.0,621.0,PUFA 22:6 n-3 (DHA),G,1.5,1.5,453.592,0.003306936630275666,0.003306936630275666,0.33069366302756664,0.33069366302756664,inf,0.0
1001,Eggplant,1.5,1.0,1.0,"Eggplant, raw",0.0,612.0,SFA 14:0,G,1.5,1.5,453.592,0.003306936630275666,0.003306936630275666,0.33069366302756664,0.33069366302756664,inf,0.0
1002,Eggplant,1.5,1.0,1.0,"Eggplant, raw",22.0,432.0,"Folate, food",UG,1.5,1.5,453.592,0.003306936630275666,0.003306936630275666,0.33069366302756664,0.33069366302756664,0.015031530137616666,66.52682666666666
1003,Eggplant,1.5,1.0,1.0,"Eggplant, raw",0.0,221.0,"Alcohol, ethyl",G,1.5,1.5,453.592,0.003306936630275666,0.003306936630275666,0.33069366302756664,0.33069366302756664,inf,0.0
1004,Eggplant,1.5,1.0,1.0,"Eggplant, raw",36.0,338.0,Lutein + zeaxanthin,UG,1.5,1.5,453.592,0.003306936630275666,0.003306936630275666,0.33069366302756664,0.33069366302756664,0.009185935084099074,108.86207999999999
1005,Eggplant,1.5,1.0,1.0,"Eggplant, raw",3.5,430.0,Vitamin K (phylloquinone),UG,1.5,1.5,453.592,0.003306936630275666,0.003306936630275666,0.33069366302756664,0.33069366302756664,0.0944839037221619,10.583813333333334
1006,Eggplant,1.5,1.0,1.0,"Eggplant, raw",0.18,204.0,Total lipid (fat),G,1.5,1.5,453.592,0.003306936630275666,0.003306936630275666,0.33069366302756664,0.33069366302756664,1.8371870168198148,0.5443104
1007,Eggplant,1.5,1.0,1.0,"Eggplant, raw",0.23,303.0,"Iron, Fe",MG,1.5,1.5,453.592,0.003306936630275666,0.003306936630275666,0.33069366302756664,0.33069366302756664,1.4377985349024636,0.6955077333333334
1008,Eggplant,1.5,1.0,1.0,"Eggplant, raw",0.0,418.0,Vitamin B-12,UG,1.5,1.5,453.592,0.003306936630275666,0.003306936630275666,0.33069366302756664,0.33069366302756664,inf,0.0
1009,Eggplant,1.5,1.0,1.0,"Eggplant, raw",0.0,607.0,SFA 4:0,G,1.5,1.5,453.592,0.003306936630275666,0.003306936630275666,0.33069366302756664,0.33069366302756664,inf,0.0
1010,Eggplant,1.5,1.0,1.0,"Eggplant, raw",0.649,406.0,Niacin,MG,1.5,1.5,453.592,0.003306936630275666,0.003306936630275666,0.33069366302756664,0.33069366302756664,0.5095433944954801,1.9625413866666666
1011,Eggplant,1.5,1.0,1.0,"Eggplant, raw",0.009,614.0,SFA 18:0,G,1.5,1.5,453.592,0.003306936630275666,0.003306936630275666,0.33069366302756664,0.33069366302756664,36.74374033639629,0.027215519999999997
1012,Eggplant,1.5,1.0,1.0,"Eggplant, raw",24.0,305.0,"Phosphorus, P",MG,1.5,1.5,453.592,0.003306936630275666,0.003306936630275666,0.33069366302756664,0.33069366302756664,0.01377890262614861,72.57472
1013,Eggplant,1.5,1.0,1.0,"Eggplant, raw",0.98,203.0,Protein,G,1.5,1.5,453.592,0.003306936630275666,0.003306936630275666,0.33069366302756664,0.33069366302756664,0.33744251329343533,2.9634677333333332
1014,Eggplant,1.5,1.0,1.0,"Eggplant, raw",14.0,304.0,"Magnesium, Mg",MG,1.5,1.5,453.592,0.003306936630275666,0.003306936630275666,0.33069366302756664,0.33069366302756664,0.023620975930540473,42.335253333333334
1015,Eggplant,1.5,1.0,1.0,"Eggplant, raw",0.0,263.0,Theobromine,MG,1.5,1.5,453.592,0.003306936630275666,0.003306936630275666,0.33069366302756664,0.33069366302756664,inf,0.0
1016,Eggplant,1.5,1.0,1.0,"Eggplant, raw",0.0,611.0,SFA 12:0,G,1.5,1.5,453.592,0.003306936630275666,0.003306936630275666,0.33069366302756664,0.33069366302756664,inf,0.0
1017,Eggplant,1.5,1.0,1.0,"Eggplant, raw",0.0,319.0,Retinol,UG,1.5,1.5,453.592,0.003306936630275666,0.003306936630275666,0.33069366302756664,0.33069366302756664,inf,0.0
1018,Eggplant,1.5,1.0,1.0,"Eggplant, raw",0.016,645.0,"Fatty acids, total monounsaturated",G,1.5,1.5,453.592,0.003306936630275666,0.003306936630275666,0.33069366302756664,0.33069366302756664,20.668353939222914,0.04838314666666667
1019,Eggplant,1.5,1.0,1.0,"Eggplant, raw",0.0,627.0,PUFA 18:4,G,1.5,1.5,453.592,0.003306936630275666,0.003306936630275666,0.33069366302756664,0.33069366302756664,inf,0.0
1020,Eggplant,1.5,1.0,1.0,"Eggplant, raw",6.9,421.0,"Choline, total",MG,1.5,1.5,453.592,0.003306936630275666,0.003306936630275666,0.33069366302756664,0.33069366302756664,0.04792661783008212,20.865232
1021,Eggplant,1.5,1.0,1.0,"Eggplant, raw",0.034,606.0,"Fatty acids, total saturated",G,1.5,1.5,453.592,0.003306936630275666,0.003306936630275666,0.33069366302756664,0.33069366302756664,9.726284206693135,0.10281418666666667
1022,Eggplant,1.5,1.0,1.0,"Eggplant, raw",5.88,205.0,"Carbohydrate, by difference",G,1.5,1.5,453.592,0.003306936630275666,0.003306936630275666,0.33069366302756664,0.33069366302756664,0.056240418882239226,17.7808064
1023,Eggplant,1.5,1.0,1.0,"Eggplant, raw",0.3,317.0,"Selenium, Se",UG,1.5,1.5,453.592,0.003306936630275666,0.003306936630275666,0.33069366302756664,0.33069366302756664,1.102312210091889,0.9071839999999999
1024,Eggplant,1.5,1.0,1.0,"Eggplant, raw",0.0,601.0,Cholesterol,MG,1.5,1.5,453.592,0.003306936630275666,0.003306936630275666,0.33069366302756664,0.33069366302756664,inf,0.0
1025,Eggplant,1.5,1.0,1.0,"Eggplant, raw",0.0,628.0,MUFA 20:1,G,1.5,1.5,453.592,0.003306936630275666,0.003306936630275666,0.33069366302756664,0.33069366302756664,inf,0.0
1026,Eggplant,1.5,1.0,1.0,"Eggplant, raw",0.16,309.0,"Zinc, Zn",MG,1.5,1.5,453.592,0.003306936630275666,0.003306936630275666,0.33069366302756664,0.33069366302756664,2.0668353939222914,0.48383146666666665
1027,Eggplant,1.5,1.0,1.0,"Eggplant, raw",92.3,255.0,Water,G,1.5,1.5,453.592,0.003306936630275666,0.003306936630275666,0.33069366302756664,0.33069366302756664,0.0035828132505695194,279.11027733333333
1028,Eggplant,1.5,1.0,1.0,"Eggplant, raw",0.0,609.0,SFA 8:0,G,1.5,1.5,453.592,0.003306936630275666,0.003306936630275666,0.33069366302756664,0.33069366302756664,inf,0.0
1029,Eggplant,1.5,1.0,1.0,"Eggplant, raw",0.0,573.0,"Vitamin E, added",MG,1.5,1.5,453.592,0.003306936630275666,0.003306936630275666,0.33069366302756664,0.33069366302756664,inf,0.0
1030,Eggplant,1.5,1.0,1.0,"Eggplant, raw",3.0,291.0,"Fiber, total dietary",G,1.5,1.5,453.592,0.003306936630275666,0.003306936630275666,0.33069366302756664,0.33069366302756664,0.11023122100918888,9.07184
1031,Eggplant,1.5,1.0,1.0,"Eggplant, raw",0.0,620.0,PUFA 20:4,G,1.5,1.5,453.592,0.003306936630275666,0.003306936630275666,0.33069366302756664,0.33069366302756664,inf,0.0
1032,Eggplant,1.5,1.0,1.0,"Eggplant, raw",0.0,431.0,Folic acid,UG,1.5,1.5,453.592,0.003306936630275666,0.003306936630275666,0.33069366302756664,0.33069366302756664,inf,0.0
1033,Eggplant,1.5,1.0,1.0,"Eggplant, raw",0.063,618.0,PUFA 18:2,G,1.5,1.5,453.592,0.003306936630275666,0.003306936630275666,0.33069366302756664,0.33069366302756664,5.249105762342327,0.19050863999999998
1034,Eggplant,1.5,1.0,1.0,"Eggplant, raw",14.0,321.0,"Carotene, beta",UG,1.5,1.5,453.592,0.003306936630275666,0.003306936630275666,0.33069366302756664,0.33069366302756664,0.023620975930540473,42.335253333333334
1035,Eggplant,1.5,1.0,1.0,"Eggplant, raw",0.0,631.0,PUFA 22:5 n-3 (DPA),G,1.5,1.5,453.592,0.003306936630275666,0.003306936630275666,0.33069366302756664,0.33069366302756664,inf,0.0
1036,Eggplant,1.5,1.0,1.0,"Eggplant, raw",0.3,323.0,Vitamin E (alpha-tocopherol),MG,1.5,1.5,453.592,0.003306936630275666,0.003306936630275666,0.33069366302756664,0.33069366302756664,1.102312210091889,0.9071839999999999
1037,Eggplant,1.5,1.0,1.0,"Eggplant, raw",229.0,306.0,"Potassium, K",MG,1.5,1.5,453.592,0.003306936630275666,0.003306936630275666,0.33069366302756664,0.33069366302756664,0.0014440771311247452,692.4837866666667
1038,Eggplant,1.5,1.0,1.0,"Eggplant, raw",0.002,626.0,MUFA 16:1,G,1.5,1.5,453.592,0.003306936630275666,0.003306936630275666,0.33069366302756664,0.33069366302756664,165.34683151378331,0.0060478933333333335
1039,Eggplant,1.5,1.0,1.0,"Eggplant, raw",0.025,613.0,SFA 16:0,G,1.5,1.5,453.592,0.003306936630275666,0.003306936630275666,0.33069366302756664,0.33069366302756664,13.227746521102665,0.07559866666666666
1040,Eggplant,1.5,1.0,1.0,"Eggplant, raw",0.0,334.0,"Cryptoxanthin, beta",UG,1.5,1.5,453.592,0.003306936630275666,0.003306936630275666,0.33069366302756664,0.33069366302756664,inf,0.0
1041,Eggplant,1.5,1.0,1.0,"Eggplant, raw",0.0,322.0,"Carotene, alpha",UG,1.5,1.5,453.592,0.003306936630275666,0.003306936630275666,0.33069366302756664,0.33069366302756664,inf,0.0
1042,Eggplant,1.5,1.0,1.0,"Eggplant, raw",22.0,417.0,"Folate, total",UG,1.5,1.5,453.592,0.003306936630275666,0.003306936630275666,0.33069366302756664,0.33069366302756664,0.015031530137616666,66.52682666666666
1043,Eggplant,1.5,1.0,1.0,"Eggplant, raw",1.0,320.0,"Vitamin A, RAE",UG,1.5,1.5,453.592,0.003306936630275666,0.003306936630275666,0.33069366302756664,0.33069366302756664,0.33069366302756664,3.0239466666666663
1044,Eggplant,1.5,1.0,1.0,"Eggplant, raw",0.0,262.0,Caffeine,MG,1.5,1.5,453.592,0.003306936630275666,0.003306936630275666,0.33069366302756664,0.33069366302756664,inf,0.0
1045,Eggplant,1.5,1.0,1.0,"Eggplant, raw",0.014,617.0,MUFA 18:1,G,1.5,1.5,453.592,0.003306936630275666,0.003306936630275666,0.33069366302756664,0.33069366302756664,23.620975930540475,0.04233525333333333
1046,Eggplant,1.5,1.0,1.0,"Eggplant, raw",0.013,619.0,PUFA 18:3,G,1.5,1.5,453.592,0.003306936630275666,0.003306936630275666,0.33069366302756664,0.33069366302756664,25.437974079043588,0.039311306666666664
1047,Eggplant,1.5,1.0,1.0,"Eggplant, raw",9.0,301.0,"Calcium, Ca",MG,1.5,1.5,453.592,0.003306936630275666,0.003306936630275666,0.33069366302756664,0.33069366302756664,0.0367437403363963,27.215519999999998
1048,Red Bell Pepper,2.5,1.0,1.0,"Pepper, sweet, red, raw",0.0,621.0,PUFA 22:6 n-3 (DHA),G,2.5,2.5,453.592,0.005511561050459444,0.005511561050459444,0.5511561050459444,0.5511561050459444,inf,0.0
1049,Red Bell Pepper,2.5,1.0,1.0,"Pepper, sweet, red, raw",46.0,435.0,"Folate, DFE",UG,2.5,2.5,453.592,0.005511561050459444,0.005511561050459444,0.5511561050459444,0.5511561050459444,0.01198165445752053,83.460928
1050,Red Bell Pepper,2.5,1.0,1.0,"Pepper, sweet, red, raw",0.0,630.0,MUFA 22:1,G,2.5,2.5,453.592,0.005511561050459444,0.005511561050459444,0.5511561050459444,0.5511561050459444,inf,0.0
1051,Red Bell Pepper,2.5,1.0,1.0,"Pepper, sweet, red, raw",0.0,609.0,SFA 8:0,G,2.5,2.5,453.592,0.005511561050459444,0.005511561050459444,0.5511561050459444,0.5511561050459444,inf,0.0
1052,Red Bell Pepper,2.5,1.0,1.0,"Pepper, sweet, red, raw",0.0,612.0,SFA 14:0,G,2.5,2.5,453.592,0.005511561050459444,0.005511561050459444,0.5511561050459444,0.5511561050459444,inf,0.0
1053,Red Bell Pepper,2.5,1.0,1.0,"Pepper, sweet, red, raw",0.007,645.0,"Fatty acids, total monounsaturated",G,2.5,2.5,453.592,0.005511561050459444,0.005511561050459444,0.5511561050459444,0.5511561050459444,78.73658643513491,0.012700576
1054,Red Bell Pepper,2.5,1.0,1.0,"Pepper, sweet, red, raw",0.1,618.0,PUFA 18:2,G,2.5,2.5,453.592,0.005511561050459444,0.005511561050459444,0.5511561050459444,0.5511561050459444,5.511561050459443,0.1814368
1055,Red Bell Pepper,2.5,1.0,1.0,"Pepper, sweet, red, raw",0.156,646.0,"Fatty acids, total polyunsaturated",G,2.5,2.5,453.592,0.005511561050459444,0.005511561050459444,0.5511561050459444,0.5511561050459444,3.5330519554227204,0.283041408
1056,Red Bell Pepper,2.5,1.0,1.0,"Pepper, sweet, red, raw",4.9,430.0,Vitamin K (phylloquinone),UG,2.5,2.5,453.592,0.005511561050459444,0.005511561050459444,0.5511561050459444,0.5511561050459444,0.11248083776447844,8.890403200000002
1057,Red Bell Pepper,2.5,1.0,1.0,"Pepper, sweet, red, raw",0.0,607.0,SFA 4:0,G,2.5,2.5,453.592,0.005511561050459444,0.005511561050459444,0.5511561050459444,0.5511561050459444,inf,0.0
1058,Red Bell Pepper,2.5,1.0,1.0,"Pepper, sweet, red, raw",0.0,627.0,PUFA 18:4,G,2.5,2.5,453.592,0.005511561050459444,0.005511561050459444,0.5511561050459444,0.5511561050459444,inf,0.0
1059,Red Bell Pepper,2.5,1.0,1.0,"Pepper, sweet, red, raw",5.6,421.0,"Choline, total",MG,2.5,2.5,453.592,0.005511561050459444,0.005511561050459444,0.5511561050459444,0.5511561050459444,0.09842073304391864,10.1604608
1060,Red Bell Pepper,2.5,1.0,1.0,"Pepper, sweet, red, raw",0.004,617.0,MUFA 18:1,G,2.5,2.5,453.592,0.005511561050459444,0.005511561050459444,0.5511561050459444,0.5511561050459444,137.7890262614861,0.007257472
1061,Red Bell Pepper,2.5,1.0,1.0,"Pepper, sweet, red, raw",0.056,619.0,PUFA 18:3,G,2.5,2.5,453.592,0.005511561050459444,0.005511561050459444,0.5511561050459444,0.5511561050459444,9.842073304391864,0.101604608
1062,Red Bell Pepper,2.5,1.0,1.0,"Pepper, sweet, red, raw",0.0,629.0,PUFA 20:5 n-3 (EPA),G,2.5,2.5,453.592,0.005511561050459444,0.005511561050459444,0.5511561050459444,0.5511561050459444,inf,0.0
1063,Red Bell Pepper,2.5,1.0,1.0,"Pepper, sweet, red, raw",0.0,578.0,"Vitamin B-12, added",UG,2.5,2.5,453.592,0.005511561050459444,0.005511561050459444,0.5511561050459444,0.5511561050459444,inf,0.0
1064,Red Bell Pepper,2.5,1.0,1.0,"Pepper, sweet, red, raw",46.0,432.0,"Folate, food",UG,2.5,2.5,453.592,0.005511561050459444,0.005511561050459444,0.5511561050459444,0.5511561050459444,0.01198165445752053,83.460928
1065,Red Bell Pepper,2.5,1.0,1.0,"Pepper, sweet, red, raw",0.0,601.0,Cholesterol,MG,2.5,2.5,453.592,0.005511561050459444,0.005511561050459444,0.5511561050459444,0.5511561050459444,inf,0.0
1066,Red Bell Pepper,2.5,1.0,1.0,"Pepper, sweet, red, raw",0.0,608.0,SFA 6:0,G,2.5,2.5,453.592,0.005511561050459444,0.005511561050459444,0.5511561050459444,0.5511561050459444,inf,0.0
1067,Red Bell Pepper,2.5,1.0,1.0,"Pepper, sweet, red, raw",0.004,626.0,MUFA 16:1,G,2.5,2.5,453.592,0.005511561050459444,0.005511561050459444,0.5511561050459444,0.5511561050459444,137.7890262614861,0.007257472
1068,Red Bell Pepper,2.5,1.0,1.0,"Pepper, sweet, red, raw",0.0,573.0,"Vitamin E, added",MG,2.5,2.5,453.592,0.005511561050459444,0.005511561050459444,0.5511561050459444,0.5511561050459444,inf,0.0
1069,Red Bell Pepper,2.5,1.0,1.0,"Pepper, sweet, red, raw",0.0,611.0,SFA 12:0,G,2.5,2.5,453.592,0.005511561050459444,0.005511561050459444,0.5511561050459444,0.5511561050459444,inf,0.0
1070,Red Bell Pepper,2.5,1.0,1.0,"Pepper, sweet, red, raw",0.059,606.0,"Fatty acids, total saturated",G,2.5,2.5,453.592,0.005511561050459444,0.005511561050459444,0.5511561050459444,0.5511561050459444,9.341628899083803,0.10704771199999999
1071,Red Bell Pepper,2.5,1.0,1.0,"Pepper, sweet, red, raw",0.0,620.0,PUFA 20:4,G,2.5,2.5,453.592,0.005511561050459444,0.005511561050459444,0.5511561050459444,0.5511561050459444,inf,0.0
1072,Red Bell Pepper,2.5,1.0,1.0,"Pepper, sweet, red, raw",0.0,631.0,PUFA 22:5 n-3 (DPA),G,2.5,2.5,453.592,0.005511561050459444,0.005511561050459444,0.5511561050459444,0.5511561050459444,inf,0.0
1073,Red Bell Pepper,2.5,1.0,1.0,"Pepper, sweet, red, raw",0.004,614.0,SFA 18:0,G,2.5,2.5,453.592,0.005511561050459444,0.005511561050459444,0.5511561050459444,0.5511561050459444,137.7890262614861,0.007257472
1074,Red Bell Pepper,2.5,1.0,1.0,"Pepper, sweet, red, raw",0.0,610.0,SFA 10:0,G,2.5,2.5,453.592,0.005511561050459444,0.005511561050459444,0.5511561050459444,0.5511561050459444,inf,0.0
1075,Red Bell Pepper,2.5,1.0,1.0,"Pepper, sweet, red, raw",0.0,431.0,Folic acid,UG,2.5,2.5,453.592,0.005511561050459444,0.005511561050459444,0.5511561050459444,0.5511561050459444,inf,0.0
1076,Red Bell Pepper,2.5,1.0,1.0,"Pepper, sweet, red, raw",0.056,613.0,SFA 16:0,G,2.5,2.5,453.592,0.005511561050459444,0.005511561050459444,0.5511561050459444,0.5511561050459444,9.842073304391864,0.101604608
1077,Red Bell Pepper,2.5,1.0,1.0,"Pepper, sweet, red, raw",0.0,628.0,MUFA 20:1,G,2.5,2.5,453.592,0.005511561050459444,0.005511561050459444,0.5511561050459444,0.5511561050459444,inf,0.0
1078,Red Bell Pepper,2.5,1.0,1.0,"Pepper, sweet, red, raw",6.03,205.0,"Carbohydrate, by difference",G,2.5,2.5,453.592,0.005511561050459444,0.005511561050459444,0.5511561050459444,0.5511561050459444,0.0914023391452644,10.94063904
1079,Red Bell Pepper,2.5,1.0,1.0,"Pepper, sweet, red, raw",12.0,304.0,"Magnesium, Mg",MG,2.5,2.5,453.592,0.005511561050459444,0.005511561050459444,0.5511561050459444,0.5511561050459444,0.045929675420495364,21.772416
1080,Red Bell Pepper,2.5,1.0,1.0,"Pepper, sweet, red, raw",0.979,406.0,Niacin,MG,2.5,2.5,453.592,0.005511561050459444,0.005511561050459444,0.5511561050459444,0.5511561050459444,0.5629786568395755,1.776266272
1081,Red Bell Pepper,2.5,1.0,1.0,"Pepper, sweet, red, raw",92.21,255.0,Water,G,2.5,2.5,453.592,0.005511561050459444,0.005511561050459444,0.5511561050459444,0.5511561050459444,0.005977183657368446,167.30287328
1082,Red Bell Pepper,2.5,1.0,1.0,"Pepper, sweet, red, raw",0.291,415.0,Vitamin B-6,MG,2.5,2.5,453.592,0.005511561050459444,0.005511561050459444,0.5511561050459444,0.5511561050459444,1.8940072338348606,0.527981088
1083,Red Bell Pepper,2.5,1.0,1.0,"Pepper, sweet, red, raw",0.0,263.0,Theobromine,MG,2.5,2.5,453.592,0.005511561050459444,0.005511561050459444,0.5511561050459444,0.5511561050459444,inf,0.0
1084,Red Bell Pepper,2.5,1.0,1.0,"Pepper, sweet, red, raw",26.0,305.0,"Phosphorus, P",MG,2.5,2.5,453.592,0.005511561050459444,0.005511561050459444,0.5511561050459444,0.5511561050459444,0.02119831173253632,47.173568
1085,Red Bell Pepper,2.5,1.0,1.0,"Pepper, sweet, red, raw",26.0,208.0,Energy,KCAL,2.5,2.5,453.592,0.005511561050459444,0.005511561050459444,0.5511561050459444,0.5511561050459444,0.02119831173253632,47.173568
1086,Red Bell Pepper,2.5,1.0,1.0,"Pepper, sweet, red, raw",0.0,418.0,Vitamin B-12,UG,2.5,2.5,453.592,0.005511561050459444,0.005511561050459444,0.5511561050459444,0.5511561050459444,inf,0.0
1087,Red Bell Pepper,2.5,1.0,1.0,"Pepper, sweet, red, raw",0.43,303.0,"Iron, Fe",MG,2.5,2.5,453.592,0.005511561050459444,0.005511561050459444,0.5511561050459444,0.5511561050459444,1.2817583838277775,0.78017824
1088,Red Bell Pepper,2.5,1.0,1.0,"Pepper, sweet, red, raw",490.0,334.0,"Cryptoxanthin, beta",UG,2.5,2.5,453.592,0.005511561050459444,0.005511561050459444,0.5511561050459444,0.5511561050459444,0.0011248083776447845,889.0403200000001
1089,Red Bell Pepper,2.5,1.0,1.0,"Pepper, sweet, red, raw",0.0,337.0,Lycopene,UG,2.5,2.5,453.592,0.005511561050459444,0.005511561050459444,0.5511561050459444,0.5511561050459444,inf,0.0
1090,Red Bell Pepper,2.5,1.0,1.0,"Pepper, sweet, red, raw",1624.0,321.0,"Carotene, beta",UG,2.5,2.5,453.592,0.005511561050459444,0.005511561050459444,0.5511561050459444,0.5511561050459444,0.00033938183808247807,2946.533632
1091,Red Bell Pepper,2.5,1.0,1.0,"Pepper, sweet, red, raw",20.0,322.0,"Carotene, alpha",UG,2.5,2.5,453.592,0.005511561050459444,0.005511561050459444,0.5511561050459444,0.5511561050459444,0.02755780525229722,36.28736
1092,Red Bell Pepper,2.5,1.0,1.0,"Pepper, sweet, red, raw",127.7,401.0,"Vitamin C, total ascorbic acid",MG,2.5,2.5,453.592,0.005511561050459444,0.005511561050459444,0.5511561050459444,0.5511561050459444,0.0043160227489893845,231.6947936
1093,Red Bell Pepper,2.5,1.0,1.0,"Pepper, sweet, red, raw",0.017,312.0,"Copper, Cu",MG,2.5,2.5,453.592,0.005511561050459444,0.005511561050459444,0.5511561050459444,0.5511561050459444,32.42094735564378,0.030844256000000004
1094,Red Bell Pepper,2.5,1.0,1.0,"Pepper, sweet, red, raw",51.0,338.0,Lutein + zeaxanthin,UG,2.5,2.5,453.592,0.005511561050459444,0.005511561050459444,0.5511561050459444,0.5511561050459444,0.010806982451881261,92.532768
1095,Red Bell Pepper,2.5,1.0,1.0,"Pepper, sweet, red, raw",0.085,405.0,Riboflavin,MG,2.5,2.5,453.592,0.005511561050459444,0.005511561050459444,0.5511561050459444,0.5511561050459444,6.484189471128757,0.15422128000000002
1096,Red Bell Pepper,2.5,1.0,1.0,"Pepper, sweet, red, raw",4.2,269.0,"Sugars, Total",G,2.5,2.5,453.592,0.005511561050459444,0.005511561050459444,0.5511561050459444,0.5511561050459444,0.1312276440585582,7.6203456
1097,Red Bell Pepper,2.5,1.0,1.0,"Pepper, sweet, red, raw",0.25,309.0,"Zinc, Zn",MG,2.5,2.5,453.592,0.005511561050459444,0.005511561050459444,0.5511561050459444,0.5511561050459444,2.2046244201837775,0.453592
1098,Red Bell Pepper,2.5,1.0,1.0,"Pepper, sweet, red, raw",46.0,417.0,"Folate, total",UG,2.5,2.5,453.592,0.005511561050459444,0.005511561050459444,0.5511561050459444,0.5511561050459444,0.01198165445752053,83.460928
1099,Red Bell Pepper,2.5,1.0,1.0,"Pepper, sweet, red, raw",0.054,404.0,Thiamin,MG,2.5,2.5,453.592,0.005511561050459444,0.005511561050459444,0.5511561050459444,0.5511561050459444,10.20659453788786,0.097975872
1100,Red Bell Pepper,2.5,1.0,1.0,"Pepper, sweet, red, raw",0.99,203.0,Protein,G,2.5,2.5,453.592,0.005511561050459444,0.005511561050459444,0.5511561050459444,0.5511561050459444,0.5567233384302468,1.79622432
1101,Red Bell Pepper,2.5,1.0,1.0,"Pepper, sweet, red, raw",0.0,319.0,Retinol,UG,2.5,2.5,453.592,0.005511561050459444,0.005511561050459444,0.5511561050459444,0.5511561050459444,inf,0.0
1102,Red Bell Pepper,2.5,1.0,1.0,"Pepper, sweet, red, raw",0.3,204.0,Total lipid (fat),G,2.5,2.5,453.592,0.005511561050459444,0.005511561050459444,0.5511561050459444,0.5511561050459444,1.8371870168198146,0.5443104
1103,Red Bell Pepper,2.5,1.0,1.0,"Pepper, sweet, red, raw",157.0,320.0,"Vitamin A, RAE",UG,2.5,2.5,453.592,0.005511561050459444,0.005511561050459444,0.5511561050459444,0.5511561050459444,0.003510548439783085,284.855776
1104,Red Bell Pepper,2.5,1.0,1.0,"Pepper, sweet, red, raw",1.58,323.0,Vitamin E (alpha-tocopherol),MG,2.5,2.5,453.592,0.005511561050459444,0.005511561050459444,0.5511561050459444,0.5511561050459444,0.34883297787718,2.8667014400000004
1105,Red Bell Pepper,2.5,1.0,1.0,"Pepper, sweet, red, raw",0.1,317.0,"Selenium, Se",UG,2.5,2.5,453.592,0.005511561050459444,0.005511561050459444,0.5511561050459444,0.5511561050459444,5.511561050459443,0.1814368
1106,Red Bell Pepper,2.5,1.0,1.0,"Pepper, sweet, red, raw",2.1,291.0,"Fiber, total dietary",G,2.5,2.5,453.592,0.005511561050459444,0.005511561050459444,0.5511561050459444,0.5511561050459444,0.2624552881171164,3.8101728
1107,Red Bell Pepper,2.5,1.0,1.0,"Pepper, sweet, red, raw",0.0,262.0,Caffeine,MG,2.5,2.5,453.592,0.005511561050459444,0.005511561050459444,0.5511561050459444,0.5511561050459444,inf,0.0
1108,Red Bell Pepper,2.5,1.0,1.0,"Pepper, sweet, red, raw",211.0,306.0,"Potassium, K",MG,2.5,2.5,453.592,0.005511561050459444,0.005511561050459444,0.5511561050459444,0.5511561050459444,0.002612114241923907,382.83164800000003
1109,Red Bell Pepper,2.5,1.0,1.0,"Pepper, sweet, red, raw",0.0,221.0,"Alcohol, ethyl",G,2.5,2.5,453.592,0.005511561050459444,0.005511561050459444,0.5511561050459444,0.5511561050459444,inf,0.0
1110,Red Bell Pepper,2.5,1.0,1.0,"Pepper, sweet, red, raw",4.0,307.0,"Sodium, Na",MG,2.5,2.5,453.592,0.005511561050459444,0.005511561050459444,0.5511561050459444,0.5511561050459444,0.1377890262614861,7.257472
1111,Red Bell Pepper,2.5,1.0,1.0,"Pepper, sweet, red, raw",0.0,328.0,Vitamin D (D2 + D3),UG,2.5,2.5,453.592,0.005511561050459444,0.005511561050459444,0.5511561050459444,0.5511561050459444,inf,0.0
1112,Red Bell Pepper,2.5,1.0,1.0,"Pepper, sweet, red, raw",7.0,301.0,"Calcium, Ca",MG,2.5,2.5,453.592,0.005511561050459444,0.005511561050459444,0.5511561050459444,0.5511561050459444,0.07873658643513491,12.700576
1113,Peas,1.09,0.75,1.0,"Green peas, raw",81.0,208.0,Energy,KCAL,1.4533333333333334,1.4533333333333334,340.19399999999996,0.003204054157333757,0.003204054157333757,0.3204054157333757,0.3204054157333757,0.0039556224164614285,252.80471559633023
1114,Peas,1.09,0.75,1.0,"Green peas, raw",0.0,262.0,Caffeine,MG,1.4533333333333334,1.4533333333333334,340.19399999999996,0.003204054157333757,0.003204054157333757,0.3204054157333757,0.3204054157333757,inf,0.0
1115,Peas,1.09,0.75,1.0,"Green peas, raw",1.8,317.0,"Selenium, Se",UG,1.4533333333333334,1.4533333333333334,340.19399999999996,0.003204054157333757,0.003204054157333757,0.3204054157333757,0.3204054157333757,0.17800300874076427,5.617882568807339
1116,Peas,1.09,0.75,1.0,"Green peas, raw",0.0,221.0,"Alcohol, ethyl",G,1.4533333333333334,1.4533333333333334,340.19399999999996,0.003204054157333757,0.003204054157333757,0.3204054157333757,0.3204054157333757,inf,0.0
1117,Peas,1.09,0.75,1.0,"Green peas, raw",0.0,608.0,SFA 6:0,G,1.4533333333333334,1.4533333333333334,340.19399999999996,0.003204054157333757,0.003204054157333757,0.3204054157333757,0.3204054157333757,inf,0.0
1118,Peas,1.09,0.75,1.0,"Green peas, raw",0.0,610.0,SFA 10:0,G,1.4533333333333334,1.4533333333333334,340.19399999999996,0.003204054157333757,0.003204054157333757,0.3204054157333757,0.3204054157333757,inf,0.0
1119,Peas,1.09,0.75,1.0,"Green peas, raw",5.0,307.0,"Sodium, Na",MG,1.4533333333333334,1.4533333333333334,340.19399999999996,0.003204054157333757,0.003204054157333757,0.3204054157333757,0.3204054157333757,0.06408108314667514,15.605229357798162
1120,Peas,1.09,0.75,1.0,"Green peas, raw",0.266,404.0,Thiamin,MG,1.4533333333333334,1.4533333333333334,340.19399999999996,0.003204054157333757,0.003204054157333757,0.3204054157333757,0.3204054157333757,1.2045316380953974,0.8301982018348623
1121,Peas,1.09,0.75,1.0,"Green peas, raw",0.0,609.0,SFA 8:0,G,1.4533333333333334,1.4533333333333334,340.19399999999996,0.003204054157333757,0.003204054157333757,0.3204054157333757,0.3204054157333757,inf,0.0
1122,Peas,1.09,0.75,1.0,"Green peas, raw",38.0,320.0,"Vitamin A, RAE",UG,1.4533333333333334,1.4533333333333334,340.19399999999996,0.003204054157333757,0.003204054157333757,0.3204054157333757,0.3204054157333757,0.008431721466667782,118.59974311926604
1123,Peas,1.09,0.75,1.0,"Green peas, raw",40.0,401.0,"Vitamin C, total ascorbic acid",MG,1.4533333333333334,1.4533333333333334,340.19399999999996,0.003204054157333757,0.003204054157333757,0.3204054157333757,0.3204054157333757,0.008010135393334393,124.8418348623853
1124,Peas,1.09,0.75,1.0,"Green peas, raw",0.0,620.0,PUFA 20:4,G,1.4533333333333334,1.4533333333333334,340.19399999999996,0.003204054157333757,0.003204054157333757,0.3204054157333757,0.3204054157333757,inf,0.0
1125,Peas,1.09,0.75,1.0,"Green peas, raw",0.0,628.0,MUFA 20:1,G,1.4533333333333334,1.4533333333333334,340.19399999999996,0.003204054157333757,0.003204054157333757,0.3204054157333757,0.3204054157333757,inf,0.0
1126,Peas,1.09,0.75,1.0,"Green peas, raw",0.0,626.0,MUFA 16:1,G,1.4533333333333334,1.4533333333333334,340.19399999999996,0.003204054157333757,0.003204054157333757,0.3204054157333757,0.3204054157333757,inf,0.0
1127,Peas,1.09,0.75,1.0,"Green peas, raw",449.0,321.0,"Carotene, beta",UG,1.4533333333333334,1.4533333333333334,340.19399999999996,0.003204054157333757,0.003204054157333757,0.3204054157333757,0.3204054157333757,0.0007135978078694336,1401.349596330275
1128,Peas,1.09,0.75,1.0,"Green peas, raw",5.67,269.0,"Sugars, Total",G,1.4533333333333334,1.4533333333333334,340.19399999999996,0.003204054157333757,0.003204054157333757,0.3204054157333757,0.3204054157333757,0.0565088916637347,17.696330091743114
1129,Peas,1.09,0.75,1.0,"Green peas, raw",0.176,312.0,"Copper, Cu",MG,1.4533333333333334,1.4533333333333334,340.19399999999996,0.003204054157333757,0.003204054157333757,0.3204054157333757,0.3204054157333757,1.8204853166669077,0.5493040733944953
1130,Peas,1.09,0.75,1.0,"Green peas, raw",1.47,303.0,"Iron, Fe",MG,1.4533333333333334,1.4533333333333334,340.19399999999996,0.003204054157333757,0.003204054157333757,0.3204054157333757,0.3204054157333757,0.21796286784583382,4.5879374311926595
1131,Peas,1.09,0.75,1.0,"Green peas, raw",0.071,606.0,"Fatty acids, total saturated",G,1.4533333333333334,1.4533333333333334,340.19399999999996,0.003204054157333757,0.003204054157333757,0.3204054157333757,0.3204054157333757,4.512752334272898,0.2215942568807339
1132,Peas,1.09,0.75,1.0,"Green peas, raw",0.4,204.0,Total lipid (fat),G,1.4533333333333334,1.4533333333333334,340.19399999999996,0.003204054157333757,0.003204054157333757,0.3204054157333757,0.3204054157333757,0.8010135393334392,1.2484183486238531
1133,Peas,1.09,0.75,1.0,"Green peas, raw",0.0,578.0,"Vitamin B-12, added",UG,1.4533333333333334,1.4533333333333334,340.19399999999996,0.003204054157333757,0.003204054157333757,0.3204054157333757,0.3204054157333757,inf,0.0
1134,Peas,1.09,0.75,1.0,"Green peas, raw",33.0,304.0,"Magnesium, Mg",MG,1.4533333333333334,1.4533333333333334,340.19399999999996,0.003204054157333757,0.003204054157333757,0.3204054157333757,0.3204054157333757,0.009709255022223506,102.99451376146787
1135,Peas,1.09,0.75,1.0,"Green peas, raw",0.0,431.0,Folic acid,UG,1.4533333333333334,1.4533333333333334,340.19399999999996,0.003204054157333757,0.003204054157333757,0.3204054157333757,0.3204054157333757,inf,0.0
1136,Peas,1.09,0.75,1.0,"Green peas, raw",0.0,319.0,Retinol,UG,1.4533333333333334,1.4533333333333334,340.19399999999996,0.003204054157333757,0.003204054157333757,0.3204054157333757,0.3204054157333757,inf,0.0
1137,Peas,1.09,0.75,1.0,"Green peas, raw",0.035,645.0,"Fatty acids, total monounsaturated",G,1.4533333333333334,1.4533333333333334,340.19399999999996,0.003204054157333757,0.003204054157333757,0.3204054157333757,0.3204054157333757,9.15444044952502,0.10923660550458715
1138,Peas,1.09,0.75,1.0,"Green peas, raw",1.24,309.0,"Zinc, Zn",MG,1.4533333333333334,1.4533333333333334,340.19399999999996,0.003204054157333757,0.003204054157333757,0.3204054157333757,0.3204054157333757,0.25839146430110943,3.870096880733944
1139,Peas,1.09,0.75,1.0,"Green peas, raw",5.7,291.0,"Fiber, total dietary",G,1.4533333333333334,1.4533333333333334,340.19399999999996,0.003204054157333757,0.003204054157333757,0.3204054157333757,0.3204054157333757,0.05621147644445188,17.789961467889906
1140,Peas,1.09,0.75,1.0,"Green peas, raw",0.0,627.0,PUFA 18:4,G,1.4533333333333334,1.4533333333333334,340.19399999999996,0.003204054157333757,0.003204054157333757,0.3204054157333757,0.3204054157333757,inf,0.0
1141,Peas,1.09,0.75,1.0,"Green peas, raw",0.0,631.0,PUFA 22:5 n-3 (DPA),G,1.4533333333333334,1.4533333333333334,340.19399999999996,0.003204054157333757,0.003204054157333757,0.3204054157333757,0.3204054157333757,inf,0.0
1142,Peas,1.09,0.75,1.0,"Green peas, raw",2.09,406.0,Niacin,MG,1.4533333333333334,1.4533333333333334,340.19399999999996,0.003204054157333757,0.003204054157333757,0.3204054157333757,0.3204054157333757,0.15330402666668697,6.522985871559632
1143,Peas,1.09,0.75,1.0,"Green peas, raw",0.0,629.0,PUFA 20:5 n-3 (EPA),G,1.4533333333333334,1.4533333333333334,340.19399999999996,0.003204054157333757,0.003204054157333757,0.3204054157333757,0.3204054157333757,inf,0.0
1144,Peas,1.09,0.75,1.0,"Green peas, raw",0.035,617.0,MUFA 18:1,G,1.4533333333333334,1.4533333333333334,340.19399999999996,0.003204054157333757,0.003204054157333757,0.3204054157333757,0.3204054157333757,9.15444044952502,0.10923660550458715
1145,Peas,1.09,0.75,1.0,"Green peas, raw",0.0,573.0,"Vitamin E, added",MG,1.4533333333333334,1.4533333333333334,340.19399999999996,0.003204054157333757,0.003204054157333757,0.3204054157333757,0.3204054157333757,inf,0.0
1146,Peas,1.09,0.75,1.0,"Green peas, raw",0.132,405.0,Riboflavin,MG,1.4533333333333334,1.4533333333333334,340.19399999999996,0.003204054157333757,0.003204054157333757,0.3204054157333757,0.3204054157333757,2.4273137555558764,0.4119780550458715
1147,Peas,1.09,0.75,1.0,"Green peas, raw",28.4,421.0,"Choline, total",MG,1.4533333333333334,1.4533333333333334,340.19399999999996,0.003204054157333757,0.003204054157333757,0.3204054157333757,0.3204054157333757,0.011281880835682245,88.63770275229356
1148,Peas,1.09,0.75,1.0,"Green peas, raw",0.0,601.0,Cholesterol,MG,1.4533333333333334,1.4533333333333334,340.19399999999996,0.003204054157333757,0.003204054157333757,0.3204054157333757,0.3204054157333757,inf,0.0
1149,Peas,1.09,0.75,1.0,"Green peas, raw",0.0,611.0,SFA 12:0,G,1.4533333333333334,1.4533333333333334,340.19399999999996,0.003204054157333757,0.003204054157333757,0.3204054157333757,0.3204054157333757,inf,0.0
1150,Peas,1.09,0.75,1.0,"Green peas, raw",0.064,613.0,SFA 16:0,G,1.4533333333333334,1.4533333333333334,340.19399999999996,0.003204054157333757,0.003204054157333757,0.3204054157333757,0.3204054157333757,5.006334620833996,0.19974693577981648
1151,Peas,1.09,0.75,1.0,"Green peas, raw",5.42,203.0,Protein,G,1.4533333333333334,1.4533333333333334,340.19399999999996,0.003204054157333757,0.003204054157333757,0.3204054157333757,0.3204054157333757,0.059115390356711386,16.916068623853207
1152,Peas,1.09,0.75,1.0,"Green peas, raw",0.0,263.0,Theobromine,MG,1.4533333333333334,1.4533333333333334,340.19399999999996,0.003204054157333757,0.003204054157333757,0.3204054157333757,0.3204054157333757,inf,0.0
1153,Peas,1.09,0.75,1.0,"Green peas, raw",244.0,306.0,"Potassium, K",MG,1.4533333333333334,1.4533333333333334,340.19399999999996,0.003204054157333757,0.003204054157333757,0.3204054157333757,0.3204054157333757,0.0013131369497269498,761.5351926605504
1154,Peas,1.09,0.75,1.0,"Green peas, raw",0.169,415.0,Vitamin B-6,MG,1.4533333333333334,1.4533333333333334,340.19399999999996,0.003204054157333757,0.003204054157333757,0.3204054157333757,0.3204054157333757,1.8958900339253,0.5274567522935779
1155,Peas,1.09,0.75,1.0,"Green peas, raw",0.035,619.0,PUFA 18:3,G,1.4533333333333334,1.4533333333333334,340.19399999999996,0.003204054157333757,0.003204054157333757,0.3204054157333757,0.3204054157333757,9.15444044952502,0.10923660550458715
1156,Peas,1.09,0.75,1.0,"Green peas, raw",21.0,322.0,"Carotene, alpha",UG,1.4533333333333334,1.4533333333333334,340.19399999999996,0.003204054157333757,0.003204054157333757,0.3204054157333757,0.3204054157333757,0.015257400749208368,65.54196330275228
1157,Peas,1.09,0.75,1.0,"Green peas, raw",0.0,334.0,"Cryptoxanthin, beta",UG,1.4533333333333334,1.4533333333333334,340.19399999999996,0.003204054157333757,0.003204054157333757,0.3204054157333757,0.3204054157333757,inf,0.0
1158,Peas,1.09,0.75,1.0,"Green peas, raw",108.0,305.0,"Phosphorus, P",MG,1.4533333333333334,1.4533333333333334,340.19399999999996,0.003204054157333757,0.003204054157333757,0.3204054157333757,0.3204054157333757,0.0029667168123460714,337.0729541284403
1159,Peas,1.09,0.75,1.0,"Green peas, raw",0.152,618.0,PUFA 18:2,G,1.4533333333333334,1.4533333333333334,340.19399999999996,0.003204054157333757,0.003204054157333757,0.3204054157333757,0.3204054157333757,2.1079303666669458,0.47439897247706414
1160,Peas,1.09,0.75,1.0,"Green peas, raw",0.0,418.0,Vitamin B-12,UG,1.4533333333333334,1.4533333333333334,340.19399999999996,0.003204054157333757,0.003204054157333757,0.3204054157333757,0.3204054157333757,inf,0.0
1161,Peas,1.09,0.75,1.0,"Green peas, raw",65.0,435.0,"Folate, DFE",UG,1.4533333333333334,1.4533333333333334,340.19399999999996,0.003204054157333757,0.003204054157333757,0.3204054157333757,0.3204054157333757,0.00492931408820578,202.8679816513761
1162,Peas,1.09,0.75,1.0,"Green peas, raw",78.86,255.0,Water,G,1.4533333333333334,1.4533333333333334,340.19399999999996,0.003204054157333757,0.003204054157333757,0.3204054157333757,0.3204054157333757,0.004062964947164288,246.12567743119263
1163,Peas,1.09,0.75,1.0,"Green peas, raw",0.0,607.0,SFA 4:0,G,1.4533333333333334,1.4533333333333334,340.19399999999996,0.003204054157333757,0.003204054157333757,0.3204054157333757,0.3204054157333757,inf,0.0
1164,Peas,1.09,0.75,1.0,"Green peas, raw",24.8,430.0,Vitamin K (phylloquinone),UG,1.4533333333333334,1.4533333333333334,340.19399999999996,0.003204054157333757,0.003204054157333757,0.3204054157333757,0.3204054157333757,0.012919573215055472,77.40193761467889
1165,Peas,1.09,0.75,1.0,"Green peas, raw",0.0,612.0,SFA 14:0,G,1.4533333333333334,1.4533333333333334,340.19399999999996,0.003204054157333757,0.003204054157333757,0.3204054157333757,0.3204054157333757,inf,0.0
1166,Peas,1.09,0.75,1.0,"Green peas, raw",65.0,432.0,"Folate, food",UG,1.4533333333333334,1.4533333333333334,340.19399999999996,0.003204054157333757,0.003204054157333757,0.3204054157333757,0.3204054157333757,0.00492931408820578,202.8679816513761
1167,Peas,1.09,0.75,1.0,"Green peas, raw",0.187,646.0,"Fatty acids, total polyunsaturated",G,1.4533333333333334,1.4533333333333334,340.19399999999996,0.003204054157333757,0.003204054157333757,0.3204054157333757,0.3204054157333757,1.713397945098266,0.5836355779816512
1168,Peas,1.09,0.75,1.0,"Green peas, raw",0.0,630.0,MUFA 22:1,G,1.4533333333333334,1.4533333333333334,340.19399999999996,0.003204054157333757,0.003204054157333757,0.3204054157333757,0.3204054157333757,inf,0.0
1169,Peas,1.09,0.75,1.0,"Green peas, raw",25.0,301.0,"Calcium, Ca",MG,1.4533333333333334,1.4533333333333334,340.19399999999996,0.003204054157333757,0.003204054157333757,0.3204054157333757,0.3204054157333757,0.012816216629335029,78.02614678899081
1170,Peas,1.09,0.75,1.0,"Green peas, raw",2477.0,338.0,Lutein + zeaxanthin,UG,1.4533333333333334,1.4533333333333334,340.19399999999996,0.003204054157333757,0.003204054157333757,0.3204054157333757,0.3204054157333757,0.00012935220659401523,7730.8306238532095
1171,Peas,1.09,0.75,1.0,"Green peas, raw",0.007,614.0,SFA 18:0,G,1.4533333333333334,1.4533333333333334,340.19399999999996,0.003204054157333757,0.003204054157333757,0.3204054157333757,0.3204054157333757,45.7722022476251,0.021847321100917427
1172,Peas,1.09,0.75,1.0,"Green peas, raw",0.0,337.0,Lycopene,UG,1.4533333333333334,1.4533333333333334,340.19399999999996,0.003204054157333757,0.003204054157333757,0.3204054157333757,0.3204054157333757,inf,0.0
1173,Peas,1.09,0.75,1.0,"Green peas, raw",14.45,205.0,"Carbohydrate, by difference",G,1.4533333333333334,1.4533333333333334,340.19399999999996,0.003204054157333757,0.003204054157333757,0.3204054157333757,0.3204054157333757,0.022173385171859912,45.09911284403669
1174,Peas,1.09,0.75,1.0,"Green peas, raw",0.0,621.0,PUFA 22:6 n-3 (DHA),G,1.4533333333333334,1.4533333333333334,340.19399999999996,0.003204054157333757,0.003204054157333757,0.3204054157333757,0.3204054157333757,inf,0.0
1175,Peas,1.09,0.75,1.0,"Green peas, raw",0.0,328.0,Vitamin D (D2 + D3),UG,1.4533333333333334,1.4533333333333334,340.19399999999996,0.003204054157333757,0.003204054157333757,0.3204054157333757,0.3204054157333757,inf,0.0
1176,Peas,1.09,0.75,1.0,"Green peas, raw",65.0,417.0,"Folate, total",UG,1.4533333333333334,1.4533333333333334,340.19399999999996,0.003204054157333757,0.003204054157333757,0.3204054157333757,0.3204054157333757,0.00492931408820578,202.8679816513761
1177,Peas,1.09,0.75,1.0,"Green peas, raw",0.13,323.0,Vitamin E (alpha-tocopherol),MG,1.4533333333333334,1.4533333333333334,340.19399999999996,0.003204054157333757,0.003204054157333757,0.3204054157333757,0.3204054157333757,2.46465704410289,0.40573596330275224
1178,Green Bell Pepper,2.0,1.0,1.0,"Pepper, sweet, green, raw",20.0,208.0,Energy,KCAL,2.0,2.0,453.592,0.004409248840367555,0.004409248840367555,0.4409248840367555,0.4409248840367555,0.022046244201837775,45.3592
1179,Green Bell Pepper,2.0,1.0,1.0,"Pepper, sweet, green, raw",0.058,606.0,"Fatty acids, total saturated",G,2.0,2.0,453.592,0.004409248840367555,0.004409248840367555,0.4409248840367555,0.4409248840367555,7.602153173047508,0.13154168
1180,Green Bell Pepper,2.0,1.0,1.0,"Pepper, sweet, green, raw",0.008,617.0,MUFA 18:1,G,2.0,2.0,453.592,0.004409248840367555,0.004409248840367555,0.4409248840367555,0.4409248840367555,55.115610504594436,0.01814368
1181,Green Bell Pepper,2.0,1.0,1.0,"Pepper, sweet, green, raw",4.64,205.0,"Carbohydrate, by difference",G,2.0,2.0,453.592,0.004409248840367555,0.004409248840367555,0.4409248840367555,0.4409248840367555,0.09502691466309386,10.5233344
1182,Green Bell Pepper,2.0,1.0,1.0,"Pepper, sweet, green, raw",0.0,629.0,PUFA 20:5 n-3 (EPA),G,2.0,2.0,453.592,0.004409248840367555,0.004409248840367555,0.4409248840367555,0.4409248840367555,inf,0.0
1183,Green Bell Pepper,2.0,1.0,1.0,"Pepper, sweet, green, raw",0.05,613.0,SFA 16:0,G,2.0,2.0,453.592,0.004409248840367555,0.004409248840367555,0.4409248840367555,0.4409248840367555,8.81849768073511,0.113398
1184,Green Bell Pepper,2.0,1.0,1.0,"Pepper, sweet, green, raw",18.0,320.0,"Vitamin A, RAE",UG,2.0,2.0,453.592,0.004409248840367555,0.004409248840367555,0.4409248840367555,0.4409248840367555,0.024495826890930862,40.82328
1185,Green Bell Pepper,2.0,1.0,1.0,"Pepper, sweet, green, raw",0.37,323.0,Vitamin E (alpha-tocopherol),MG,2.0,2.0,453.592,0.004409248840367555,0.004409248840367555,0.4409248840367555,0.4409248840367555,1.1916888757750148,0.8391451999999999
1186,Green Bell Pepper,2.0,1.0,1.0,"Pepper, sweet, green, raw",0.0,317.0,"Selenium, Se",UG,2.0,2.0,453.592,0.004409248840367555,0.004409248840367555,0.4409248840367555,0.4409248840367555,inf,0.0
1187,Green Bell Pepper,2.0,1.0,1.0,"Pepper, sweet, green, raw",0.028,405.0,Riboflavin,MG,2.0,2.0,453.592,0.004409248840367555,0.004409248840367555,0.4409248840367555,0.4409248840367555,15.747317287026982,0.06350288
1188,Green Bell Pepper,2.0,1.0,1.0,"Pepper, sweet, green, raw",341.0,338.0,Lutein + zeaxanthin,UG,2.0,2.0,453.592,0.004409248840367555,0.004409248840367555,0.4409248840367555,0.4409248840367555,0.00129303485054767,773.37436
1189,Green Bell Pepper,2.0,1.0,1.0,"Pepper, sweet, green, raw",0.0,612.0,SFA 14:0,G,2.0,2.0,453.592,0.004409248840367555,0.004409248840367555,0.4409248840367555,0.4409248840367555,inf,0.0
1190,Green Bell Pepper,2.0,1.0,1.0,"Pepper, sweet, green, raw",0.0,627.0,PUFA 18:4,G,2.0,2.0,453.592,0.004409248840367555,0.004409248840367555,0.4409248840367555,0.4409248840367555,inf,0.0
1191,Green Bell Pepper,2.0,1.0,1.0,"Pepper, sweet, green, raw",0.0,328.0,Vitamin D (D2 + D3),UG,2.0,2.0,453.592,0.004409248840367555,0.004409248840367555,0.4409248840367555,0.4409248840367555,inf,0.0
1192,Green Bell Pepper,2.0,1.0,1.0,"Pepper, sweet, green, raw",2.4,269.0,"Sugars, Total",G,2.0,2.0,453.592,0.004409248840367555,0.004409248840367555,0.4409248840367555,0.4409248840367555,0.18371870168198146,5.443104
1193,Green Bell Pepper,2.0,1.0,1.0,"Pepper, sweet, green, raw",0.0,418.0,Vitamin B-12,UG,2.0,2.0,453.592,0.004409248840367555,0.004409248840367555,0.4409248840367555,0.4409248840367555,inf,0.0
1194,Green Bell Pepper,2.0,1.0,1.0,"Pepper, sweet, green, raw",0.008,619.0,PUFA 18:3,G,2.0,2.0,453.592,0.004409248840367555,0.004409248840367555,0.4409248840367555,0.4409248840367555,55.115610504594436,0.01814368
1195,Green Bell Pepper,2.0,1.0,1.0,"Pepper, sweet, green, raw",0.0,611.0,SFA 12:0,G,2.0,2.0,453.592,0.004409248840367555,0.004409248840367555,0.4409248840367555,0.4409248840367555,inf,0.0
1196,Green Bell Pepper,2.0,1.0,1.0,"Pepper, sweet, green, raw",0.0,262.0,Caffeine,MG,2.0,2.0,453.592,0.004409248840367555,0.004409248840367555,0.4409248840367555,0.4409248840367555,inf,0.0
1197,Green Bell Pepper,2.0,1.0,1.0,"Pepper, sweet, green, raw",0.0,621.0,PUFA 22:6 n-3 (DHA),G,2.0,2.0,453.592,0.004409248840367555,0.004409248840367555,0.4409248840367555,0.4409248840367555,inf,0.0
1198,Green Bell Pepper,2.0,1.0,1.0,"Pepper, sweet, green, raw",0.0,628.0,MUFA 20:1,G,2.0,2.0,453.592,0.004409248840367555,0.004409248840367555,0.4409248840367555,0.4409248840367555,inf,0.0
1199,Green Bell Pepper,2.0,1.0,1.0,"Pepper, sweet, green, raw",20.0,305.0,"Phosphorus, P",MG,2.0,2.0,453.592,0.004409248840367555,0.004409248840367555,0.4409248840367555,0.4409248840367555,0.022046244201837775,45.3592
1200,Green Bell Pepper,2.0,1.0,1.0,"Pepper, sweet, green, raw",208.0,321.0,"Carotene, beta",UG,2.0,2.0,453.592,0.004409248840367555,0.004409248840367555,0.4409248840367555,0.4409248840367555,0.0021198311732536323,471.73568
1201,Green Bell Pepper,2.0,1.0,1.0,"Pepper, sweet, green, raw",0.0,631.0,PUFA 22:5 n-3 (DPA),G,2.0,2.0,453.592,0.004409248840367555,0.004409248840367555,0.4409248840367555,0.4409248840367555,inf,0.0
1202,Green Bell Pepper,2.0,1.0,1.0,"Pepper, sweet, green, raw",93.89,255.0,Water,G,2.0,2.0,453.592,0.004409248840367555,0.004409248840367555,0.4409248840367555,0.4409248840367555,0.0046961857922755935,212.9387644
1203,Green Bell Pepper,2.0,1.0,1.0,"Pepper, sweet, green, raw",5.5,421.0,"Choline, total",MG,2.0,2.0,453.592,0.004409248840367555,0.004409248840367555,0.4409248840367555,0.4409248840367555,0.08016816073395555,12.47378
1204,Green Bell Pepper,2.0,1.0,1.0,"Pepper, sweet, green, raw",10.0,432.0,"Folate, food",UG,2.0,2.0,453.592,0.004409248840367555,0.004409248840367555,0.4409248840367555,0.4409248840367555,0.04409248840367555,22.6796
1205,Green Bell Pepper,2.0,1.0,1.0,"Pepper, sweet, green, raw",0.0,610.0,SFA 10:0,G,2.0,2.0,453.592,0.004409248840367555,0.004409248840367555,0.4409248840367555,0.4409248840367555,inf,0.0
1206,Green Bell Pepper,2.0,1.0,1.0,"Pepper, sweet, green, raw",80.4,401.0,"Vitamin C, total ascorbic acid",MG,2.0,2.0,453.592,0.004409248840367555,0.004409248840367555,0.4409248840367555,0.4409248840367555,0.005484140348715864,182.343984
1207,Green Bell Pepper,2.0,1.0,1.0,"Pepper, sweet, green, raw",10.0,417.0,"Folate, total",UG,2.0,2.0,453.592,0.004409248840367555,0.004409248840367555,0.4409248840367555,0.4409248840367555,0.04409248840367555,22.6796
1208,Green Bell Pepper,2.0,1.0,1.0,"Pepper, sweet, green, raw",0.0,620.0,PUFA 20:4,G,2.0,2.0,453.592,0.004409248840367555,0.004409248840367555,0.4409248840367555,0.4409248840367555,inf,0.0
1209,Green Bell Pepper,2.0,1.0,1.0,"Pepper, sweet, green, raw",0.17,204.0,Total lipid (fat),G,2.0,2.0,453.592,0.004409248840367555,0.004409248840367555,0.4409248840367555,0.4409248840367555,2.593675788451503,0.38555320000000004
1210,Green Bell Pepper,2.0,1.0,1.0,"Pepper, sweet, green, raw",0.0,431.0,Folic acid,UG,2.0,2.0,453.592,0.004409248840367555,0.004409248840367555,0.4409248840367555,0.4409248840367555,inf,0.0
1211,Green Bell Pepper,2.0,1.0,1.0,"Pepper, sweet, green, raw",0.0,263.0,Theobromine,MG,2.0,2.0,453.592,0.004409248840367555,0.004409248840367555,0.4409248840367555,0.4409248840367555,inf,0.0
1212,Green Bell Pepper,2.0,1.0,1.0,"Pepper, sweet, green, raw",7.0,334.0,"Cryptoxanthin, beta",UG,2.0,2.0,453.592,0.004409248840367555,0.004409248840367555,0.4409248840367555,0.4409248840367555,0.06298926914810793,15.87572
1213,Green Bell Pepper,2.0,1.0,1.0,"Pepper, sweet, green, raw",0.066,312.0,"Copper, Cu",MG,2.0,2.0,453.592,0.004409248840367555,0.004409248840367555,0.4409248840367555,0.4409248840367555,6.6806800611629615,0.14968536000000002
1214,Green Bell Pepper,2.0,1.0,1.0,"Pepper, sweet, green, raw",0.48,406.0,Niacin,MG,2.0,2.0,453.592,0.004409248840367555,0.004409248840367555,0.4409248840367555,0.4409248840367555,0.9185935084099074,1.0886208
1215,Green Bell Pepper,2.0,1.0,1.0,"Pepper, sweet, green, raw",0.0,578.0,"Vitamin B-12, added",UG,2.0,2.0,453.592,0.004409248840367555,0.004409248840367555,0.4409248840367555,0.4409248840367555,inf,0.0
1216,Green Bell Pepper,2.0,1.0,1.0,"Pepper, sweet, green, raw",0.224,415.0,Vitamin B-6,MG,2.0,2.0,453.592,0.004409248840367555,0.004409248840367555,0.4409248840367555,0.4409248840367555,1.9684146608783728,0.50802304
1217,Green Bell Pepper,2.0,1.0,1.0,"Pepper, sweet, green, raw",0.0,607.0,SFA 4:0,G,2.0,2.0,453.592,0.004409248840367555,0.004409248840367555,0.4409248840367555,0.4409248840367555,inf,0.0
1218,Green Bell Pepper,2.0,1.0,1.0,"Pepper, sweet, green, raw",0.34,303.0,"Iron, Fe",MG,2.0,2.0,453.592,0.004409248840367555,0.004409248840367555,0.4409248840367555,0.4409248840367555,1.2968378942257515,0.7711064000000001
1219,Green Bell Pepper,2.0,1.0,1.0,"Pepper, sweet, green, raw",175.0,306.0,"Potassium, K",MG,2.0,2.0,453.592,0.004409248840367555,0.004409248840367555,0.4409248840367555,0.4409248840367555,0.002519570765924317,396.893
1220,Green Bell Pepper,2.0,1.0,1.0,"Pepper, sweet, green, raw",0.057,404.0,Thiamin,MG,2.0,2.0,453.592,0.004409248840367555,0.004409248840367555,0.4409248840367555,0.4409248840367555,7.735524281346588,0.12927372
1221,Green Bell Pepper,2.0,1.0,1.0,"Pepper, sweet, green, raw",10.0,304.0,"Magnesium, Mg",MG,2.0,2.0,453.592,0.004409248840367555,0.004409248840367555,0.4409248840367555,0.4409248840367555,0.04409248840367555,22.6796
1222,Green Bell Pepper,2.0,1.0,1.0,"Pepper, sweet, green, raw",7.4,430.0,Vitamin K (phylloquinone),UG,2.0,2.0,453.592,0.004409248840367555,0.004409248840367555,0.4409248840367555,0.4409248840367555,0.05958444378875074,16.782904000000002
1223,Green Bell Pepper,2.0,1.0,1.0,"Pepper, sweet, green, raw",0.0,221.0,"Alcohol, ethyl",G,2.0,2.0,453.592,0.004409248840367555,0.004409248840367555,0.4409248840367555,0.4409248840367555,inf,0.0
1224,Green Bell Pepper,2.0,1.0,1.0,"Pepper, sweet, green, raw",10.0,435.0,"Folate, DFE",UG,2.0,2.0,453.592,0.004409248840367555,0.004409248840367555,0.4409248840367555,0.4409248840367555,0.04409248840367555,22.6796
1225,Green Bell Pepper,2.0,1.0,1.0,"Pepper, sweet, green, raw",10.0,301.0,"Calcium, Ca",MG,2.0,2.0,453.592,0.004409248840367555,0.004409248840367555,0.4409248840367555,0.4409248840367555,0.04409248840367555,22.6796
1226,Green Bell Pepper,2.0,1.0,1.0,"Pepper, sweet, green, raw",0.0,337.0,Lycopene,UG,2.0,2.0,453.592,0.004409248840367555,0.004409248840367555,0.4409248840367555,0.4409248840367555,inf,0.0
1227,Green Bell Pepper,2.0,1.0,1.0,"Pepper, sweet, green, raw",0.0,319.0,Retinol,UG,2.0,2.0,453.592,0.004409248840367555,0.004409248840367555,0.4409248840367555,0.4409248840367555,inf,0.0
1228,Green Bell Pepper,2.0,1.0,1.0,"Pepper, sweet, green, raw",0.062,646.0,"Fatty acids, total polyunsaturated",G,2.0,2.0,453.592,0.004409248840367555,0.004409248840367555,0.4409248840367555,0.4409248840367555,7.1116916780121855,0.14061352
1229,Green Bell Pepper,2.0,1.0,1.0,"Pepper, sweet, green, raw",0.008,645.0,"Fatty acids, total monounsaturated",G,2.0,2.0,453.592,0.004409248840367555,0.004409248840367555,0.4409248840367555,0.4409248840367555,55.115610504594436,0.01814368
1230,Green Bell Pepper,2.0,1.0,1.0,"Pepper, sweet, green, raw",0.0,609.0,SFA 8:0,G,2.0,2.0,453.592,0.004409248840367555,0.004409248840367555,0.4409248840367555,0.4409248840367555,inf,0.0
1231,Green Bell Pepper,2.0,1.0,1.0,"Pepper, sweet, green, raw",0.86,203.0,Protein,G,2.0,2.0,453.592,0.004409248840367555,0.004409248840367555,0.4409248840367555,0.4409248840367555,0.5127033535311111,1.9504456
1232,Green Bell Pepper,2.0,1.0,1.0,"Pepper, sweet, green, raw",0.13,309.0,"Zinc, Zn",MG,2.0,2.0,453.592,0.004409248840367555,0.004409248840367555,0.4409248840367555,0.4409248840367555,3.3917298772058113,0.2948348
1233,Green Bell Pepper,2.0,1.0,1.0,"Pepper, sweet, green, raw",1.7,291.0,"Fiber, total dietary",G,2.0,2.0,453.592,0.004409248840367555,0.004409248840367555,0.4409248840367555,0.4409248840367555,0.2593675788451503,3.8555319999999997
1234,Green Bell Pepper,2.0,1.0,1.0,"Pepper, sweet, green, raw",3.0,307.0,"Sodium, Na",MG,2.0,2.0,453.592,0.004409248840367555,0.004409248840367555,0.4409248840367555,0.4409248840367555,0.14697496134558516,6.8038799999999995
1235,Green Bell Pepper,2.0,1.0,1.0,"Pepper, sweet, green, raw",0.008,614.0,SFA 18:0,G,2.0,2.0,453.592,0.004409248840367555,0.004409248840367555,0.4409248840367555,0.4409248840367555,55.115610504594436,0.01814368
1236,Green Bell Pepper,2.0,1.0,1.0,"Pepper, sweet, green, raw",0.054,618.0,PUFA 18:2,G,2.0,2.0,453.592,0.004409248840367555,0.004409248840367555,0.4409248840367555,0.4409248840367555,8.165275630310287,0.12246984
1237,Green Bell Pepper,2.0,1.0,1.0,"Pepper, sweet, green, raw",21.0,322.0,"Carotene, alpha",UG,2.0,2.0,453.592,0.004409248840367555,0.004409248840367555,0.4409248840367555,0.4409248840367555,0.02099642304936931,47.627159999999996
1238,Green Bell Pepper,2.0,1.0,1.0,"Pepper, sweet, green, raw",0.0,573.0,"Vitamin E, added",MG,2.0,2.0,453.592,0.004409248840367555,0.004409248840367555,0.4409248840367555,0.4409248840367555,inf,0.0
1239,Green Bell Pepper,2.0,1.0,1.0,"Pepper, sweet, green, raw",0.0,630.0,MUFA 22:1,G,2.0,2.0,453.592,0.004409248840367555,0.004409248840367555,0.4409248840367555,0.4409248840367555,inf,0.0
1240,Green Bell Pepper,2.0,1.0,1.0,"Pepper, sweet, green, raw",0.0,601.0,Cholesterol,MG,2.0,2.0,453.592,0.004409248840367555,0.004409248840367555,0.4409248840367555,0.4409248840367555,inf,0.0
1241,Green Bell Pepper,2.0,1.0,1.0,"Pepper, sweet, green, raw",0.0,608.0,SFA 6:0,G,2.0,2.0,453.592,0.004409248840367555,0.004409248840367555,0.4409248840367555,0.4409248840367555,inf,0.0
1242,Green Bell Pepper,2.0,1.0,1.0,"Pepper, sweet, green, raw",0.0,626.0,MUFA 16:1,G,2.0,2.0,453.592,0.004409248840367555,0.004409248840367555,0.4409248840367555,0.4409248840367555,inf,0.0
1243,Carrots,1.55,2.0,1.0,"Carrots, raw",0.983,406.0,Niacin,MG,0.775,0.775,907.184,0.0017085839256424276,0.0017085839256424276,0.17085839256424276,0.17085839256424276,0.17381321725762233,5.7533024
1244,Carrots,1.55,2.0,1.0,"Carrots, raw",2.8,291.0,"Fiber, total dietary",G,0.775,0.775,907.184,0.0017085839256424276,0.0017085839256424276,0.17085839256424276,0.17085839256424276,0.06102085448722956,16.387839999999997
1245,Carrots,1.55,2.0,1.0,"Carrots, raw",0.002,614.0,SFA 18:0,G,0.775,0.775,907.184,0.0017085839256424276,0.0017085839256424276,0.17085839256424276,0.17085839256424276,85.42919628212138,0.0117056
1246,Carrots,1.55,2.0,1.0,"Carrots, raw",0.0,609.0,SFA 8:0,G,0.775,0.775,907.184,0.0017085839256424276,0.0017085839256424276,0.17085839256424276,0.17085839256424276,inf,0.0
1247,Carrots,1.55,2.0,1.0,"Carrots, raw",0.002,619.0,PUFA 18:3,G,0.775,0.775,907.184,0.0017085839256424276,0.0017085839256424276,0.17085839256424276,0.17085839256424276,85.42919628212138,0.0117056
1248,Carrots,1.55,2.0,1.0,"Carrots, raw",0.0,630.0,MUFA 22:1,G,0.775,0.775,907.184,0.0017085839256424276,0.0017085839256424276,0.17085839256424276,0.17085839256424276,inf,0.0
1249,Carrots,1.55,2.0,1.0,"Carrots, raw",0.011,617.0,MUFA 18:1,G,0.775,0.775,907.184,0.0017085839256424276,0.0017085839256424276,0.17085839256424276,0.17085839256424276,15.532581142203888,0.06438079999999999
1250,Carrots,1.55,2.0,1.0,"Carrots, raw",5.9,401.0,"Vitamin C, total ascorbic acid",MG,0.775,0.775,907.184,0.0017085839256424276,0.0017085839256424276,0.17085839256424276,0.17085839256424276,0.028959049587159787,34.53152
1251,Carrots,1.55,2.0,1.0,"Carrots, raw",3477.0,322.0,"Carotene, alpha",UG,0.775,0.775,907.184,0.0017085839256424276,0.0017085839256424276,0.17085839256424276,0.17085839256424276,4.913960096757054e-05,20350.1856
1252,Carrots,1.55,2.0,1.0,"Carrots, raw",9.58,205.0,"Carbohydrate, by difference",G,0.775,0.775,907.184,0.0017085839256424276,0.0017085839256424276,0.17085839256424276,0.17085839256424276,0.017834905278104673,56.069824
1253,Carrots,1.55,2.0,1.0,"Carrots, raw",33.0,301.0,"Calcium, Ca",MG,0.775,0.775,907.184,0.0017085839256424276,0.0017085839256424276,0.17085839256424276,0.17085839256424276,0.005177527047401296,193.14239999999998
1254,Carrots,1.55,2.0,1.0,"Carrots, raw",0.0,612.0,SFA 14:0,G,0.775,0.775,907.184,0.0017085839256424276,0.0017085839256424276,0.17085839256424276,0.17085839256424276,inf,0.0
1255,Carrots,1.55,2.0,1.0,"Carrots, raw",69.0,307.0,"Sodium, Na",MG,0.775,0.775,907.184,0.0017085839256424276,0.0017085839256424276,0.17085839256424276,0.17085839256424276,0.0024762085878875764,403.84319999999997
1256,Carrots,1.55,2.0,1.0,"Carrots, raw",0.0,262.0,Caffeine,MG,0.775,0.775,907.184,0.0017085839256424276,0.0017085839256424276,0.17085839256424276,0.17085839256424276,inf,0.0
1257,Carrots,1.55,2.0,1.0,"Carrots, raw",0.0,328.0,Vitamin D (D2 + D3),UG,0.775,0.775,907.184,0.0017085839256424276,0.0017085839256424276,0.17085839256424276,0.17085839256424276,inf,0.0
1258,Carrots,1.55,2.0,1.0,"Carrots, raw",0.66,323.0,Vitamin E (alpha-tocopherol),MG,0.775,0.775,907.184,0.0017085839256424276,0.0017085839256424276,0.17085839256424276,0.17085839256424276,0.2588763523700648,3.862848
1259,Carrots,1.55,2.0,1.0,"Carrots, raw",35.0,305.0,"Phosphorus, P",MG,0.775,0.775,907.184,0.0017085839256424276,0.0017085839256424276,0.17085839256424276,0.17085839256424276,0.004881668358978365,204.84799999999998
1260,Carrots,1.55,2.0,1.0,"Carrots, raw",320.0,306.0,"Potassium, K",MG,0.775,0.775,907.184,0.0017085839256424276,0.0017085839256424276,0.17085839256424276,0.17085839256424276,0.0005339324767632586,1872.896
1261,Carrots,1.55,2.0,1.0,"Carrots, raw",8285.0,321.0,"Carotene, beta",UG,0.775,0.775,907.184,0.0017085839256424276,0.0017085839256424276,0.17085839256424276,0.17085839256424276,2.062261829381325e-05,48490.448
1262,Carrots,1.55,2.0,1.0,"Carrots, raw",0.0,263.0,Theobromine,MG,0.775,0.775,907.184,0.0017085839256424276,0.0017085839256424276,0.17085839256424276,0.17085839256424276,inf,0.0
1263,Carrots,1.55,2.0,1.0,"Carrots, raw",41.0,208.0,Energy,KCAL,0.775,0.775,907.184,0.0017085839256424276,0.0017085839256424276,0.17085839256424276,0.17085839256424276,0.004167277867420555,239.9648
1264,Carrots,1.55,2.0,1.0,"Carrots, raw",0.0,221.0,"Alcohol, ethyl",G,0.775,0.775,907.184,0.0017085839256424276,0.0017085839256424276,0.17085839256424276,0.17085839256424276,inf,0.0
1265,Carrots,1.55,2.0,1.0,"Carrots, raw",0.0,334.0,"Cryptoxanthin, beta",UG,0.775,0.775,907.184,0.0017085839256424276,0.0017085839256424276,0.17085839256424276,0.17085839256424276,inf,0.0
1266,Carrots,1.55,2.0,1.0,"Carrots, raw",0.0,319.0,Retinol,UG,0.775,0.775,907.184,0.0017085839256424276,0.0017085839256424276,0.17085839256424276,0.17085839256424276,inf,0.0
1267,Carrots,1.55,2.0,1.0,"Carrots, raw",0.066,404.0,Thiamin,MG,0.775,0.775,907.184,0.0017085839256424276,0.0017085839256424276,0.17085839256424276,0.17085839256424276,2.588763523700648,0.3862848
1268,Carrots,1.55,2.0,1.0,"Carrots, raw",8.8,421.0,"Choline, total",MG,0.775,0.775,907.184,0.0017085839256424276,0.0017085839256424276,0.17085839256424276,0.17085839256424276,0.019415726427754857,51.50464
1269,Carrots,1.55,2.0,1.0,"Carrots, raw",0.93,203.0,Protein,G,0.775,0.775,907.184,0.0017085839256424276,0.0017085839256424276,0.17085839256424276,0.17085839256424276,0.18371870168198146,5.443104
1270,Carrots,1.55,2.0,1.0,"Carrots, raw",0.0,611.0,SFA 12:0,G,0.775,0.775,907.184,0.0017085839256424276,0.0017085839256424276,0.17085839256424276,0.17085839256424276,inf,0.0
1271,Carrots,1.55,2.0,1.0,"Carrots, raw",256.0,338.0,Lutein + zeaxanthin,UG,0.775,0.775,907.184,0.0017085839256424276,0.0017085839256424276,0.17085839256424276,0.17085839256424276,0.0006674155959540733,1498.3168
1272,Carrots,1.55,2.0,1.0,"Carrots, raw",0.0,573.0,"Vitamin E, added",MG,0.775,0.775,907.184,0.0017085839256424276,0.0017085839256424276,0.17085839256424276,0.17085839256424276,inf,0.0
1273,Carrots,1.55,2.0,1.0,"Carrots, raw",0.0,418.0,Vitamin B-12,UG,0.775,0.775,907.184,0.0017085839256424276,0.0017085839256424276,0.17085839256424276,0.17085839256424276,inf,0.0
1274,Carrots,1.55,2.0,1.0,"Carrots, raw",0.24,204.0,Total lipid (fat),G,0.775,0.775,907.184,0.0017085839256424276,0.0017085839256424276,0.17085839256424276,0.17085839256424276,0.7119099690176782,1.404672
1275,Carrots,1.55,2.0,1.0,"Carrots, raw",0.0,607.0,SFA 4:0,G,0.775,0.775,907.184,0.0017085839256424276,0.0017085839256424276,0.17085839256424276,0.17085839256424276,inf,0.0
1276,Carrots,1.55,2.0,1.0,"Carrots, raw",0.012,645.0,"Fatty acids, total monounsaturated",G,0.775,0.775,907.184,0.0017085839256424276,0.0017085839256424276,0.17085839256424276,0.17085839256424276,14.238199380353564,0.0702336
1277,Carrots,1.55,2.0,1.0,"Carrots, raw",0.0,601.0,Cholesterol,MG,0.775,0.775,907.184,0.0017085839256424276,0.0017085839256424276,0.17085839256424276,0.17085839256424276,inf,0.0
1278,Carrots,1.55,2.0,1.0,"Carrots, raw",1.0,337.0,Lycopene,UG,0.775,0.775,907.184,0.0017085839256424276,0.0017085839256424276,0.17085839256424276,0.17085839256424276,0.17085839256424276,5.8528
1279,Carrots,1.55,2.0,1.0,"Carrots, raw",19.0,432.0,"Folate, food",UG,0.775,0.775,907.184,0.0017085839256424276,0.0017085839256424276,0.17085839256424276,0.17085839256424276,0.008992546977065408,111.2032
1280,Carrots,1.55,2.0,1.0,"Carrots, raw",0.138,415.0,Vitamin B-6,MG,0.775,0.775,907.184,0.0017085839256424276,0.0017085839256424276,0.17085839256424276,0.17085839256424276,1.238104293943788,0.8076864
1281,Carrots,1.55,2.0,1.0,"Carrots, raw",0.0,621.0,PUFA 22:6 n-3 (DHA),G,0.775,0.775,907.184,0.0017085839256424276,0.0017085839256424276,0.17085839256424276,0.17085839256424276,inf,0.0
1282,Carrots,1.55,2.0,1.0,"Carrots, raw",835.0,320.0,"Vitamin A, RAE",UG,0.775,0.775,907.184,0.0017085839256424276,0.0017085839256424276,0.17085839256424276,0.17085839256424276,0.0002046208294182548,4887.088
1283,Carrots,1.55,2.0,1.0,"Carrots, raw",19.0,417.0,"Folate, total",UG,0.775,0.775,907.184,0.0017085839256424276,0.0017085839256424276,0.17085839256424276,0.17085839256424276,0.008992546977065408,111.2032
1284,Carrots,1.55,2.0,1.0,"Carrots, raw",4.74,269.0,"Sugars, Total",G,0.775,0.775,907.184,0.0017085839256424276,0.0017085839256424276,0.17085839256424276,0.17085839256424276,0.03604607438064193,27.742272
1285,Carrots,1.55,2.0,1.0,"Carrots, raw",0.0,629.0,PUFA 20:5 n-3 (EPA),G,0.775,0.775,907.184,0.0017085839256424276,0.0017085839256424276,0.17085839256424276,0.17085839256424276,inf,0.0
1286,Carrots,1.55,2.0,1.0,"Carrots, raw",0.0,620.0,PUFA 20:4,G,0.775,0.775,907.184,0.0017085839256424276,0.0017085839256424276,0.17085839256424276,0.17085839256424276,inf,0.0
1287,Carrots,1.55,2.0,1.0,"Carrots, raw",0.032,606.0,"Fatty acids, total saturated",G,0.775,0.775,907.184,0.0017085839256424276,0.0017085839256424276,0.17085839256424276,0.17085839256424276,5.339324767632586,0.1872896
1288,Carrots,1.55,2.0,1.0,"Carrots, raw",0.045,312.0,"Copper, Cu",MG,0.775,0.775,907.184,0.0017085839256424276,0.0017085839256424276,0.17085839256424276,0.17085839256424276,3.796853168094284,0.263376
1289,Carrots,1.55,2.0,1.0,"Carrots, raw",0.0,431.0,Folic acid,UG,0.775,0.775,907.184,0.0017085839256424276,0.0017085839256424276,0.17085839256424276,0.17085839256424276,inf,0.0
1290,Carrots,1.55,2.0,1.0,"Carrots, raw",0.102,646.0,"Fatty acids, total polyunsaturated",G,0.775,0.775,907.184,0.0017085839256424276,0.0017085839256424276,0.17085839256424276,0.17085839256424276,1.6750822800415959,0.5969855999999999
1291,Carrots,1.55,2.0,1.0,"Carrots, raw",0.0,628.0,MUFA 20:1,G,0.775,0.775,907.184,0.0017085839256424276,0.0017085839256424276,0.17085839256424276,0.17085839256424276,inf,0.0
1292,Carrots,1.55,2.0,1.0,"Carrots, raw",0.0,631.0,PUFA 22:5 n-3 (DPA),G,0.775,0.775,907.184,0.0017085839256424276,0.0017085839256424276,0.17085839256424276,0.17085839256424276,inf,0.0
1293,Carrots,1.55,2.0,1.0,"Carrots, raw",0.1,618.0,PUFA 18:2,G,0.775,0.775,907.184,0.0017085839256424276,0.0017085839256424276,0.17085839256424276,0.17085839256424276,1.7085839256424276,0.58528
1294,Carrots,1.55,2.0,1.0,"Carrots, raw",0.0,578.0,"Vitamin B-12, added",UG,0.775,0.775,907.184,0.0017085839256424276,0.0017085839256424276,0.17085839256424276,0.17085839256424276,inf,0.0
1295,Carrots,1.55,2.0,1.0,"Carrots, raw",19.0,435.0,"Folate, DFE",UG,0.775,0.775,907.184,0.0017085839256424276,0.0017085839256424276,0.17085839256424276,0.17085839256424276,0.008992546977065408,111.2032
1296,Carrots,1.55,2.0,1.0,"Carrots, raw",12.0,304.0,"Magnesium, Mg",MG,0.775,0.775,907.184,0.0017085839256424276,0.0017085839256424276,0.17085839256424276,0.17085839256424276,0.014238199380353563,70.2336
1297,Carrots,1.55,2.0,1.0,"Carrots, raw",0.24,309.0,"Zinc, Zn",MG,0.775,0.775,907.184,0.0017085839256424276,0.0017085839256424276,0.17085839256424276,0.17085839256424276,0.7119099690176782,1.404672
1298,Carrots,1.55,2.0,1.0,"Carrots, raw",13.2,430.0,Vitamin K (phylloquinone),UG,0.775,0.775,907.184,0.0017085839256424276,0.0017085839256424276,0.17085839256424276,0.17085839256424276,0.01294381761850324,77.25695999999999
1299,Carrots,1.55,2.0,1.0,"Carrots, raw",0.0,627.0,PUFA 18:4,G,0.775,0.775,907.184,0.0017085839256424276,0.0017085839256424276,0.17085839256424276,0.17085839256424276,inf,0.0
1300,Carrots,1.55,2.0,1.0,"Carrots, raw",0.002,626.0,MUFA 16:1,G,0.775,0.775,907.184,0.0017085839256424276,0.0017085839256424276,0.17085839256424276,0.17085839256424276,85.42919628212138,0.0117056
1301,Carrots,1.55,2.0,1.0,"Carrots, raw",0.0,610.0,SFA 10:0,G,0.775,0.775,907.184,0.0017085839256424276,0.0017085839256424276,0.17085839256424276,0.17085839256424276,inf,0.0
1302,Carrots,1.55,2.0,1.0,"Carrots, raw",0.03,613.0,SFA 16:0,G,0.775,0.775,907.184,0.0017085839256424276,0.0017085839256424276,0.17085839256424276,0.17085839256424276,5.695279752141426,0.175584
1303,Carrots,1.55,2.0,1.0,"Carrots, raw",0.3,303.0,"Iron, Fe",MG,0.775,0.775,907.184,0.0017085839256424276,0.0017085839256424276,0.17085839256424276,0.17085839256424276,0.5695279752141426,1.7558399999999998
1304,Carrots,1.55,2.0,1.0,"Carrots, raw",0.1,317.0,"Selenium, Se",UG,0.775,0.775,907.184,0.0017085839256424276,0.0017085839256424276,0.17085839256424276,0.17085839256424276,1.7085839256424276,0.58528
1305,Carrots,1.55,2.0,1.0,"Carrots, raw",0.0,608.0,SFA 6:0,G,0.775,0.775,907.184,0.0017085839256424276,0.0017085839256424276,0.17085839256424276,0.17085839256424276,inf,0.0
1306,Carrots,1.55,2.0,1.0,"Carrots, raw",0.058,405.0,Riboflavin,MG,0.775,0.775,907.184,0.0017085839256424276,0.0017085839256424276,0.17085839256424276,0.17085839256424276,2.9458343545559096,0.3394624
1307,Carrots,1.55,2.0,1.0,"Carrots, raw",88.29,255.0,Water,G,0.775,0.775,907.184,0.0017085839256424276,0.0017085839256424276,0.17085839256424276,0.17085839256424276,0.0019351952946454044,516.7437120000001
1308,Onions,3.19,3.0,1.0,"Onions, raw",0.0,628.0,MUFA 20:1,G,1.0633333333333332,1.0633333333333332,1360.7759999999998,0.0023442506334620835,0.0023442506334620835,0.23442506334620836,0.23442506334620836,inf,0.0
1309,Onions,3.19,3.0,1.0,"Onions, raw",1.7,291.0,"Fiber, total dietary",G,1.0633333333333332,1.0633333333333332,1360.7759999999998,0.0023442506334620835,0.0023442506334620835,0.23442506334620836,0.23442506334620836,0.13789709608600492,7.251784326018808
1310,Onions,3.19,3.0,1.0,"Onions, raw",6.1,421.0,"Choline, total",MG,1.0633333333333332,1.0633333333333332,1360.7759999999998,0.0023442506334620835,0.0023442506334620835,0.23442506334620836,0.23442506334620836,0.03843033825347678,26.02110846394984
1311,Onions,3.19,3.0,1.0,"Onions, raw",0.0,431.0,Folic acid,UG,1.0633333333333332,1.0633333333333332,1360.7759999999998,0.0023442506334620835,0.0023442506334620835,0.23442506334620836,0.23442506334620836,inf,0.0
1312,Onions,3.19,3.0,1.0,"Onions, raw",0.08,204.0,Total lipid (fat),G,1.0633333333333332,1.0633333333333332,1360.7759999999998,0.0023442506334620835,0.0023442506334620835,0.23442506334620836,0.23442506334620836,2.9303132918276042,0.34126043887147334
1313,Onions,3.19,3.0,1.0,"Onions, raw",0.0,601.0,Cholesterol,MG,1.0633333333333332,1.0633333333333332,1360.7759999999998,0.0023442506334620835,0.0023442506334620835,0.23442506334620836,0.23442506334620836,inf,0.0
1314,Onions,3.19,3.0,1.0,"Onions, raw",0.004,619.0,PUFA 18:3,G,1.0633333333333332,1.0633333333333332,1360.7759999999998,0.0023442506334620835,0.0023442506334620835,0.23442506334620836,0.23442506334620836,58.60626583655209,0.017063021943573668
1315,Onions,3.19,3.0,1.0,"Onions, raw",0.86,203.0,Protein,G,1.0633333333333332,1.0633333333333332,1360.7759999999998,0.0023442506334620835,0.0023442506334620835,0.23442506334620836,0.23442506334620836,0.2725872829607074,3.668549717868338
1316,Onions,3.19,3.0,1.0,"Onions, raw",0.0,610.0,SFA 10:0,G,1.0633333333333332,1.0633333333333332,1360.7759999999998,0.0023442506334620835,0.0023442506334620835,0.23442506334620836,0.23442506334620836,inf,0.0
1317,Onions,3.19,3.0,1.0,"Onions, raw",0.0,328.0,Vitamin D (D2 + D3),UG,1.0633333333333332,1.0633333333333332,1360.7759999999998,0.0023442506334620835,0.0023442506334620835,0.23442506334620836,0.23442506334620836,inf,0.0
1318,Onions,3.19,3.0,1.0,"Onions, raw",33.0,305.0,"Phosphorus, P",MG,1.0633333333333332,1.0633333333333332,1360.7759999999998,0.0023442506334620835,0.0023442506334620835,0.23442506334620836,0.23442506334620836,0.00710378979836995,140.76993103448274
1319,Onions,3.19,3.0,1.0,"Onions, raw",0.0,337.0,Lycopene,UG,1.0633333333333332,1.0633333333333332,1360.7759999999998,0.0023442506334620835,0.0023442506334620835,0.23442506334620836,0.23442506334620836,inf,0.0
1320,Onions,3.19,3.0,1.0,"Onions, raw",9.0,304.0,"Magnesium, Mg",MG,1.0633333333333332,1.0633333333333332,1360.7759999999998,0.0023442506334620835,0.0023442506334620835,0.23442506334620836,0.23442506334620836,0.02604722926068982,38.39179937304075
1321,Onions,3.19,3.0,1.0,"Onions, raw",0.0,620.0,PUFA 20:4,G,1.0633333333333332,1.0633333333333332,1360.7759999999998,0.0023442506334620835,0.0023442506334620835,0.23442506334620836,0.23442506334620836,inf,0.0
1322,Onions,3.19,3.0,1.0,"Onions, raw",0.034,613.0,SFA 16:0,G,1.0633333333333332,1.0633333333333332,1360.7759999999998,0.0023442506334620835,0.0023442506334620835,0.23442506334620836,0.23442506334620836,6.8948548043002456,0.14503568652037618
1323,Onions,3.19,3.0,1.0,"Onions, raw",0.0,578.0,"Vitamin B-12, added",UG,1.0633333333333332,1.0633333333333332,1360.7759999999998,0.0023442506334620835,0.0023442506334620835,0.23442506334620836,0.23442506334620836,inf,0.0
1324,Onions,3.19,3.0,1.0,"Onions, raw",0.12,415.0,Vitamin B-6,MG,1.0633333333333332,1.0633333333333332,1360.7759999999998,0.0023442506334620835,0.0023442506334620835,0.23442506334620836,0.23442506334620836,1.9535421945517364,0.5118906583072099
1325,Onions,3.19,3.0,1.0,"Onions, raw",0.004,614.0,SFA 18:0,G,1.0633333333333332,1.0633333333333332,1360.7759999999998,0.0023442506334620835,0.0023442506334620835,0.23442506334620836,0.23442506334620836,58.60626583655209,0.017063021943573668
1326,Onions,3.19,3.0,1.0,"Onions, raw",0.17,309.0,"Zinc, Zn",MG,1.0633333333333332,1.0633333333333332,1360.7759999999998,0.0023442506334620835,0.0023442506334620835,0.23442506334620836,0.23442506334620836,1.378970960860049,0.7251784326018809
1327,Onions,3.19,3.0,1.0,"Onions, raw",0.24,303.0,"Iron, Fe",MG,1.0633333333333332,1.0633333333333332,1360.7759999999998,0.0023442506334620835,0.0023442506334620835,0.23442506334620836,0.23442506334620836,0.9767710972758682,1.0237813166144198
1328,Onions,3.19,3.0,1.0,"Onions, raw",0.0,609.0,SFA 8:0,G,1.0633333333333332,1.0633333333333332,1360.7759999999998,0.0023442506334620835,0.0023442506334620835,0.23442506334620836,0.23442506334620836,inf,0.0
1329,Onions,3.19,3.0,1.0,"Onions, raw",0.0,627.0,PUFA 18:4,G,1.0633333333333332,1.0633333333333332,1360.7759999999998,0.0023442506334620835,0.0023442506334620835,0.23442506334620836,0.23442506334620836,inf,0.0
1330,Onions,3.19,3.0,1.0,"Onions, raw",0.0,629.0,PUFA 20:5 n-3 (EPA),G,1.0633333333333332,1.0633333333333332,1360.7759999999998,0.0023442506334620835,0.0023442506334620835,0.23442506334620836,0.23442506334620836,inf,0.0
1331,Onions,3.19,3.0,1.0,"Onions, raw",0.0,322.0,"Carotene, alpha",UG,1.0633333333333332,1.0633333333333332,1360.7759999999998,0.0023442506334620835,0.0023442506334620835,0.23442506334620836,0.23442506334620836,inf,0.0
1332,Onions,3.19,3.0,1.0,"Onions, raw",0.0,573.0,"Vitamin E, added",MG,1.0633333333333332,1.0633333333333332,1360.7759999999998,0.0023442506334620835,0.0023442506334620835,0.23442506334620836,0.23442506334620836,inf,0.0
1333,Onions,3.19,3.0,1.0,"Onions, raw",4.0,338.0,Lutein + zeaxanthin,UG,1.0633333333333332,1.0633333333333332,1360.7759999999998,0.0023442506334620835,0.0023442506334620835,0.23442506334620836,0.23442506334620836,0.05860626583655209,17.063021943573666
1334,Onions,3.19,3.0,1.0,"Onions, raw",19.0,417.0,"Folate, total",UG,1.0633333333333332,1.0633333333333332,1360.7759999999998,0.0023442506334620835,0.0023442506334620835,0.23442506334620836,0.23442506334620836,0.012338161228747807,81.04935423197492
1335,Onions,3.19,3.0,1.0,"Onions, raw",0.0,607.0,SFA 4:0,G,1.0633333333333332,1.0633333333333332,1360.7759999999998,0.0023442506334620835,0.0023442506334620835,0.23442506334620836,0.23442506334620836,inf,0.0
1336,Onions,3.19,3.0,1.0,"Onions, raw",0.027,405.0,Riboflavin,MG,1.0633333333333332,1.0633333333333332,1360.7759999999998,0.0023442506334620835,0.0023442506334620835,0.23442506334620836,0.23442506334620836,8.682409753563272,0.11517539811912225
1337,Onions,3.19,3.0,1.0,"Onions, raw",1.0,307.0,"Sodium, Na",MG,1.0633333333333332,1.0633333333333332,1360.7759999999998,0.0023442506334620835,0.0023442506334620835,0.23442506334620836,0.23442506334620836,0.23442506334620836,4.265755485893417
1338,Onions,3.19,3.0,1.0,"Onions, raw",19.0,435.0,"Folate, DFE",UG,1.0633333333333332,1.0633333333333332,1360.7759999999998,0.0023442506334620835,0.0023442506334620835,0.23442506334620836,0.23442506334620836,0.012338161228747807,81.04935423197492
1339,Onions,3.19,3.0,1.0,"Onions, raw",0.0,263.0,Theobromine,MG,1.0633333333333332,1.0633333333333332,1360.7759999999998,0.0023442506334620835,0.0023442506334620835,0.23442506334620836,0.23442506334620836,inf,0.0
1340,Onions,3.19,3.0,1.0,"Onions, raw",1.0,321.0,"Carotene, beta",UG,1.0633333333333332,1.0633333333333332,1360.7759999999998,0.0023442506334620835,0.0023442506334620835,0.23442506334620836,0.23442506334620836,0.23442506334620836,4.265755485893417
1341,Onions,3.19,3.0,1.0,"Onions, raw",0.0,221.0,"Alcohol, ethyl",G,1.0633333333333332,1.0633333333333332,1360.7759999999998,0.0023442506334620835,0.0023442506334620835,0.23442506334620836,0.23442506334620836,inf,0.0
1342,Onions,3.19,3.0,1.0,"Onions, raw",0.004,612.0,SFA 14:0,G,1.0633333333333332,1.0633333333333332,1360.7759999999998,0.0023442506334620835,0.0023442506334620835,0.23442506334620836,0.23442506334620836,58.60626583655209,0.017063021943573668
1343,Onions,3.19,3.0,1.0,"Onions, raw",0.013,617.0,MUFA 18:1,G,1.0633333333333332,1.0633333333333332,1360.7759999999998,0.0023442506334620835,0.0023442506334620835,0.23442506334620836,0.23442506334620836,18.032697180477566,0.05545482131661442
1344,Onions,3.19,3.0,1.0,"Onions, raw",0.0,630.0,MUFA 22:1,G,1.0633333333333332,1.0633333333333332,1360.7759999999998,0.0023442506334620835,0.0023442506334620835,0.23442506334620836,0.23442506334620836,inf,0.0
1345,Onions,3.19,3.0,1.0,"Onions, raw",0.0,608.0,SFA 6:0,G,1.0633333333333332,1.0633333333333332,1360.7759999999998,0.0023442506334620835,0.0023442506334620835,0.23442506334620836,0.23442506334620836,inf,0.0
1346,Onions,3.19,3.0,1.0,"Onions, raw",0.0,320.0,"Vitamin A, RAE",UG,1.0633333333333332,1.0633333333333332,1360.7759999999998,0.0023442506334620835,0.0023442506334620835,0.23442506334620836,0.23442506334620836,inf,0.0
1347,Onions,3.19,3.0,1.0,"Onions, raw",0.02,323.0,Vitamin E (alpha-tocopherol),MG,1.0633333333333332,1.0633333333333332,1360.7759999999998,0.0023442506334620835,0.0023442506334620835,0.23442506334620836,0.23442506334620836,11.721253167310417,0.08531510971786833
1348,Onions,3.19,3.0,1.0,"Onions, raw",0.013,645.0,"Fatty acids, total monounsaturated",G,1.0633333333333332,1.0633333333333332,1360.7759999999998,0.0023442506334620835,0.0023442506334620835,0.23442506334620836,0.23442506334620836,18.032697180477566,0.05545482131661442
1349,Onions,3.19,3.0,1.0,"Onions, raw",0.0,611.0,SFA 12:0,G,1.0633333333333332,1.0633333333333332,1360.7759999999998,0.0023442506334620835,0.0023442506334620835,0.23442506334620836,0.23442506334620836,inf,0.0
1350,Onions,3.19,3.0,1.0,"Onions, raw",0.0,317.0,"Selenium, Se",UG,1.0633333333333332,1.0633333333333332,1360.7759999999998,0.0023442506334620835,0.0023442506334620835,0.23442506334620836,0.23442506334620836,inf,0.0
1351,Onions,3.19,3.0,1.0,"Onions, raw",0.0,621.0,PUFA 22:6 n-3 (DHA),G,1.0633333333333332,1.0633333333333332,1360.7759999999998,0.0023442506334620835,0.0023442506334620835,0.23442506334620836,0.23442506334620836,inf,0.0
1352,Onions,3.19,3.0,1.0,"Onions, raw",5.8,269.0,"Sugars, Total",G,1.0633333333333332,1.0633333333333332,1360.7759999999998,0.0023442506334620835,0.0023442506334620835,0.23442506334620836,0.23442506334620836,0.040418114370035924,24.741381818181814
1353,Onions,3.19,3.0,1.0,"Onions, raw",8.2,401.0,"Vitamin C, total ascorbic acid",MG,1.0633333333333332,1.0633333333333332,1360.7759999999998,0.0023442506334620835,0.0023442506334620835,0.23442506334620836,0.23442506334620836,0.028588422359293705,34.979194984326014
1354,Onions,3.19,3.0,1.0,"Onions, raw",0.017,646.0,"Fatty acids, total polyunsaturated",G,1.0633333333333332,1.0633333333333332,1360.7759999999998,0.0023442506334620835,0.0023442506334620835,0.23442506334620836,0.23442506334620836,13.789709608600491,0.07251784326018809
1355,Onions,3.19,3.0,1.0,"Onions, raw",0.4,430.0,Vitamin K (phylloquinone),UG,1.0633333333333332,1.0633333333333332,1360.7759999999998,0.0023442506334620835,0.0023442506334620835,0.23442506334620836,0.23442506334620836,0.5860626583655208,1.7063021943573669
1356,Onions,3.19,3.0,1.0,"Onions, raw",38.0,208.0,Energy,KCAL,1.0633333333333332,1.0633333333333332,1360.7759999999998,0.0023442506334620835,0.0023442506334620835,0.23442506334620836,0.23442506334620836,0.006169080614373904,162.09870846394983
1357,Onions,3.19,3.0,1.0,"Onions, raw",0.116,406.0,Niacin,MG,1.0633333333333332,1.0633333333333332,1360.7759999999998,0.0023442506334620835,0.0023442506334620835,0.23442506334620836,0.23442506334620836,2.0209057185017962,0.49482763636363636
1358,Onions,3.19,3.0,1.0,"Onions, raw",0.0,334.0,"Cryptoxanthin, beta",UG,1.0633333333333332,1.0633333333333332,1360.7759999999998,0.0023442506334620835,0.0023442506334620835,0.23442506334620836,0.23442506334620836,inf,0.0
1359,Onions,3.19,3.0,1.0,"Onions, raw",0.0,418.0,Vitamin B-12,UG,1.0633333333333332,1.0633333333333332,1360.7759999999998,0.0023442506334620835,0.0023442506334620835,0.23442506334620836,0.23442506334620836,inf,0.0
1360,Onions,3.19,3.0,1.0,"Onions, raw",0.0,262.0,Caffeine,MG,1.0633333333333332,1.0633333333333332,1360.7759999999998,0.0023442506334620835,0.0023442506334620835,0.23442506334620836,0.23442506334620836,inf,0.0
1361,Onions,3.19,3.0,1.0,"Onions, raw",90.31,255.0,Water,G,1.0633333333333332,1.0633333333333332,1360.7759999999998,0.0023442506334620835,0.0023442506334620835,0.23442506334620836,0.23442506334620836,0.0025957818995261694,385.24037793103446
1362,Onions,3.19,3.0,1.0,"Onions, raw",17.0,301.0,"Calcium, Ca",MG,1.0633333333333332,1.0633333333333332,1360.7759999999998,0.0023442506334620835,0.0023442506334620835,0.23442506334620836,0.23442506334620836,0.013789709608600492,72.51784326018809
1363,Onions,3.19,3.0,1.0,"Onions, raw",0.0,626.0,MUFA 16:1,G,1.0633333333333332,1.0633333333333332,1360.7759999999998,0.0023442506334620835,0.0023442506334620835,0.23442506334620836,0.23442506334620836,inf,0.0
1364,Onions,3.19,3.0,1.0,"Onions, raw",0.046,404.0,Thiamin,MG,1.0633333333333332,1.0633333333333332,1360.7759999999998,0.0023442506334620835,0.0023442506334620835,0.23442506334620836,0.23442506334620836,5.096197029265399,0.19622475235109715
1365,Onions,3.19,3.0,1.0,"Onions, raw",0.0,631.0,PUFA 22:5 n-3 (DPA),G,1.0633333333333332,1.0633333333333332,1360.7759999999998,0.0023442506334620835,0.0023442506334620835,0.23442506334620836,0.23442506334620836,inf,0.0
1366,Onions,3.19,3.0,1.0,"Onions, raw",8.46,205.0,"Carbohydrate, by difference",G,1.0633333333333332,1.0633333333333332,1360.7759999999998,0.0023442506334620835,0.0023442506334620835,0.23442506334620836,0.23442506334620836,0.027709818362435974,36.08829141065831
1367,Onions,3.19,3.0,1.0,"Onions, raw",0.042,606.0,"Fatty acids, total saturated",G,1.0633333333333332,1.0633333333333332,1360.7759999999998,0.0023442506334620835,0.0023442506334620835,0.23442506334620836,0.23442506334620836,5.581549127290675,0.1791617304075235
1368,Onions,3.19,3.0,1.0,"Onions, raw",19.0,432.0,"Folate, food",UG,1.0633333333333332,1.0633333333333332,1360.7759999999998,0.0023442506334620835,0.0023442506334620835,0.23442506334620836,0.23442506334620836,0.012338161228747807,81.04935423197492
1369,Onions,3.19,3.0,1.0,"Onions, raw",0.041,312.0,"Copper, Cu",MG,1.0633333333333332,1.0633333333333332,1360.7759999999998,0.0023442506334620835,0.0023442506334620835,0.23442506334620836,0.23442506334620836,5.71768447185874,0.1748959749216301
1370,Onions,3.19,3.0,1.0,"Onions, raw",171.0,306.0,"Potassium, K",MG,1.0633333333333332,1.0633333333333332,1360.7759999999998,0.0023442506334620835,0.0023442506334620835,0.23442506334620836,0.23442506334620836,0.001370906803194201,729.4441880877743
1371,Onions,3.19,3.0,1.0,"Onions, raw",0.013,618.0,PUFA 18:2,G,1.0633333333333332,1.0633333333333332,1360.7759999999998,0.0023442506334620835,0.0023442506334620835,0.23442506334620836,0.23442506334620836,18.032697180477566,0.05545482131661442
1372,Onions,3.19,3.0,1.0,"Onions, raw",0.0,319.0,Retinol,UG,1.0633333333333332,1.0633333333333332,1360.7759999999998,0.0023442506334620835,0.0023442506334620835,0.23442506334620836,0.23442506334620836,inf,0.0
1373,Garlic,5.0,1.0,1.0,"Garlic, raw",0.0,334.0,"Cryptoxanthin, beta",UG,5.0,5.0,453.592,0.011023122100918888,0.011023122100918888,1.1023122100918887,1.1023122100918887,inf,0.0
1374,Garlic,5.0,1.0,1.0,"Garlic, raw",0.0,614.0,SFA 18:0,G,5.0,5.0,453.592,0.011023122100918888,0.011023122100918888,1.1023122100918887,1.1023122100918887,inf,0.0
1375,Garlic,5.0,1.0,1.0,"Garlic, raw",10.0,401.0,"Vitamin C, total ascorbic acid",MG,5.0,5.0,453.592,0.011023122100918888,0.011023122100918888,1.1023122100918887,1.1023122100918887,0.11023122100918888,9.07184
1376,Garlic,5.0,1.0,1.0,"Garlic, raw",0.0,609.0,SFA 8:0,G,5.0,5.0,453.592,0.011023122100918888,0.011023122100918888,1.1023122100918887,1.1023122100918887,inf,0.0
1377,Garlic,5.0,1.0,1.0,"Garlic, raw",0.0,612.0,SFA 14:0,G,5.0,5.0,453.592,0.011023122100918888,0.011023122100918888,1.1023122100918887,1.1023122100918887,inf,0.0
1378,Garlic,5.0,1.0,1.0,"Garlic, raw",0.229,618.0,PUFA 18:2,G,5.0,5.0,453.592,0.011023122100918888,0.011023122100918888,1.1023122100918887,1.1023122100918887,4.813590437082484,0.207745136
1379,Garlic,5.0,1.0,1.0,"Garlic, raw",0.0,320.0,"Vitamin A, RAE",UG,5.0,5.0,453.592,0.011023122100918888,0.011023122100918888,1.1023122100918887,1.1023122100918887,inf,0.0
1380,Garlic,5.0,1.0,1.0,"Garlic, raw",0.087,613.0,SFA 16:0,G,5.0,5.0,453.592,0.011023122100918888,0.011023122100918888,1.1023122100918887,1.1023122100918887,12.670255288412514,0.07892500799999999
1381,Garlic,5.0,1.0,1.0,"Garlic, raw",401.0,306.0,"Potassium, K",MG,5.0,5.0,453.592,0.011023122100918888,0.011023122100918888,1.1023122100918887,1.1023122100918887,0.002748908254593239,363.780784
1382,Garlic,5.0,1.0,1.0,"Garlic, raw",0.0,337.0,Lycopene,UG,5.0,5.0,453.592,0.011023122100918888,0.011023122100918888,1.1023122100918887,1.1023122100918887,inf,0.0
1383,Garlic,5.0,1.0,1.0,"Garlic, raw",25.0,304.0,"Magnesium, Mg",MG,5.0,5.0,453.592,0.011023122100918888,0.011023122100918888,1.1023122100918887,1.1023122100918887,0.04409248840367555,22.6796
1384,Garlic,5.0,1.0,1.0,"Garlic, raw",3.0,432.0,"Folate, food",UG,5.0,5.0,453.592,0.011023122100918888,0.011023122100918888,1.1023122100918887,1.1023122100918887,0.3674374033639629,2.721552
1385,Garlic,5.0,1.0,1.0,"Garlic, raw",1.7,430.0,Vitamin K (phylloquinone),UG,5.0,5.0,453.592,0.011023122100918888,0.011023122100918888,1.1023122100918887,1.1023122100918887,0.6484189471128757,1.5422128
1386,Garlic,5.0,1.0,1.0,"Garlic, raw",23.2,421.0,"Choline, total",MG,5.0,5.0,453.592,0.011023122100918888,0.011023122100918888,1.1023122100918887,1.1023122100918887,0.04751345733154693,21.0466688
1387,Garlic,5.0,1.0,1.0,"Garlic, raw",0.089,606.0,"Fatty acids, total saturated",G,5.0,5.0,453.592,0.011023122100918888,0.011023122100918888,1.1023122100918887,1.1023122100918887,12.385530450470661,0.080739376
1388,Garlic,5.0,1.0,1.0,"Garlic, raw",0.299,312.0,"Copper, Cu",MG,5.0,5.0,453.592,0.011023122100918888,0.011023122100918888,1.1023122100918887,1.1023122100918887,3.686662910006317,0.271248016
1389,Garlic,5.0,1.0,1.0,"Garlic, raw",0.0,628.0,MUFA 20:1,G,5.0,5.0,453.592,0.011023122100918888,0.011023122100918888,1.1023122100918887,1.1023122100918887,inf,0.0
1390,Garlic,5.0,1.0,1.0,"Garlic, raw",9.8,317.0,"Selenium, Se",UG,5.0,5.0,453.592,0.011023122100918888,0.011023122100918888,1.1023122100918887,1.1023122100918887,0.11248083776447844,8.890403200000002
1391,Garlic,5.0,1.0,1.0,"Garlic, raw",0.0,578.0,"Vitamin B-12, added",UG,5.0,5.0,453.592,0.011023122100918888,0.011023122100918888,1.1023122100918887,1.1023122100918887,inf,0.0
1392,Garlic,5.0,1.0,1.0,"Garlic, raw",17.0,307.0,"Sodium, Na",MG,5.0,5.0,453.592,0.011023122100918888,0.011023122100918888,1.1023122100918887,1.1023122100918887,0.06484189471128757,15.422128
1393,Garlic,5.0,1.0,1.0,"Garlic, raw",0.0,631.0,PUFA 22:5 n-3 (DPA),G,5.0,5.0,453.592,0.011023122100918888,0.011023122100918888,1.1023122100918887,1.1023122100918887,inf,0.0
1394,Garlic,5.0,1.0,1.0,"Garlic, raw",0.7,406.0,Niacin,MG,5.0,5.0,453.592,0.011023122100918888,0.011023122100918888,1.1023122100918887,1.1023122100918887,1.5747317287026983,0.6350288
1395,Garlic,5.0,1.0,1.0,"Garlic, raw",0.0,607.0,SFA 4:0,G,5.0,5.0,453.592,0.011023122100918888,0.011023122100918888,1.1023122100918887,1.1023122100918887,inf,0.0
1396,Garlic,5.0,1.0,1.0,"Garlic, raw",0.011,617.0,MUFA 18:1,G,5.0,5.0,453.592,0.011023122100918888,0.011023122100918888,1.1023122100918887,1.1023122100918887,100.21020091744444,0.009979024
1397,Garlic,5.0,1.0,1.0,"Garlic, raw",5.0,321.0,"Carotene, beta",UG,5.0,5.0,453.592,0.011023122100918888,0.011023122100918888,1.1023122100918887,1.1023122100918887,0.22046244201837775,4.53592
1398,Garlic,5.0,1.0,1.0,"Garlic, raw",0.0,629.0,PUFA 20:5 n-3 (EPA),G,5.0,5.0,453.592,0.011023122100918888,0.011023122100918888,1.1023122100918887,1.1023122100918887,inf,0.0
1399,Garlic,5.0,1.0,1.0,"Garlic, raw",1.235,415.0,Vitamin B-6,MG,5.0,5.0,453.592,0.011023122100918888,0.011023122100918888,1.1023122100918887,1.1023122100918887,0.8925604940015293,1.12037224
1400,Garlic,5.0,1.0,1.0,"Garlic, raw",0.2,404.0,Thiamin,MG,5.0,5.0,453.592,0.011023122100918888,0.011023122100918888,1.1023122100918887,1.1023122100918887,5.511561050459443,0.1814368
1401,Garlic,5.0,1.0,1.0,"Garlic, raw",0.0,608.0,SFA 6:0,G,5.0,5.0,453.592,0.011023122100918888,0.011023122100918888,1.1023122100918887,1.1023122100918887,inf,0.0
1402,Garlic,5.0,1.0,1.0,"Garlic, raw",0.249,646.0,"Fatty acids, total polyunsaturated",G,5.0,5.0,453.592,0.011023122100918888,0.011023122100918888,1.1023122100918887,1.1023122100918887,4.4269566670356975,0.225888816
1403,Garlic,5.0,1.0,1.0,"Garlic, raw",0.0,630.0,MUFA 22:1,G,5.0,5.0,453.592,0.011023122100918888,0.011023122100918888,1.1023122100918887,1.1023122100918887,inf,0.0
1404,Garlic,5.0,1.0,1.0,"Garlic, raw",0.0,431.0,Folic acid,UG,5.0,5.0,453.592,0.011023122100918888,0.011023122100918888,1.1023122100918887,1.1023122100918887,inf,0.0
1405,Garlic,5.0,1.0,1.0,"Garlic, raw",181.0,301.0,"Calcium, Ca",MG,5.0,5.0,453.592,0.011023122100918888,0.011023122100918888,1.1023122100918887,1.1023122100918887,0.006090122707689993,164.200304
1406,Garlic,5.0,1.0,1.0,"Garlic, raw",0.0,620.0,PUFA 20:4,G,5.0,5.0,453.592,0.011023122100918888,0.011023122100918888,1.1023122100918887,1.1023122100918887,inf,0.0
1407,Garlic,5.0,1.0,1.0,"Garlic, raw",0.08,323.0,Vitamin E (alpha-tocopherol),MG,5.0,5.0,453.592,0.011023122100918888,0.011023122100918888,1.1023122100918887,1.1023122100918887,13.778902626148609,0.07257472000000001
1408,Garlic,5.0,1.0,1.0,"Garlic, raw",3.0,435.0,"Folate, DFE",UG,5.0,5.0,453.592,0.011023122100918888,0.011023122100918888,1.1023122100918887,1.1023122100918887,0.3674374033639629,2.721552
1409,Garlic,5.0,1.0,1.0,"Garlic, raw",1.16,309.0,"Zinc, Zn",MG,5.0,5.0,453.592,0.011023122100918888,0.011023122100918888,1.1023122100918887,1.1023122100918887,0.9502691466309386,1.05233344
1410,Garlic,5.0,1.0,1.0,"Garlic, raw",153.0,305.0,"Phosphorus, P",MG,5.0,5.0,453.592,0.011023122100918888,0.011023122100918888,1.1023122100918887,1.1023122100918887,0.007204654967920841,138.799152
1411,Garlic,5.0,1.0,1.0,"Garlic, raw",0.0,626.0,MUFA 16:1,G,5.0,5.0,453.592,0.011023122100918888,0.011023122100918888,1.1023122100918887,1.1023122100918887,inf,0.0
1412,Garlic,5.0,1.0,1.0,"Garlic, raw",143.0,208.0,Energy,KCAL,5.0,5.0,453.592,0.011023122100918888,0.011023122100918888,1.1023122100918887,1.1023122100918887,0.007708476993649571,129.727312
1413,Garlic,5.0,1.0,1.0,"Garlic, raw",0.0,262.0,Caffeine,MG,5.0,5.0,453.592,0.011023122100918888,0.011023122100918888,1.1023122100918887,1.1023122100918887,inf,0.0
1414,Garlic,5.0,1.0,1.0,"Garlic, raw",0.0,263.0,Theobromine,MG,5.0,5.0,453.592,0.011023122100918888,0.011023122100918888,1.1023122100918887,1.1023122100918887,inf,0.0
1415,Garlic,5.0,1.0,1.0,"Garlic, raw",2.7,291.0,"Fiber, total dietary",G,5.0,5.0,453.592,0.011023122100918888,0.011023122100918888,1.1023122100918887,1.1023122100918887,0.40826378151551435,2.4493968
1416,Garlic,5.0,1.0,1.0,"Garlic, raw",0.0,221.0,"Alcohol, ethyl",G,5.0,5.0,453.592,0.011023122100918888,0.011023122100918888,1.1023122100918887,1.1023122100918887,inf,0.0
1417,Garlic,5.0,1.0,1.0,"Garlic, raw",0.38,204.0,Total lipid (fat),G,5.0,5.0,453.592,0.011023122100918888,0.011023122100918888,1.1023122100918887,1.1023122100918887,2.9008216055049703,0.34472992
1418,Garlic,5.0,1.0,1.0,"Garlic, raw",28.2,205.0,"Carbohydrate, by difference",G,5.0,5.0,453.592,0.011023122100918888,0.011023122100918888,1.1023122100918887,1.1023122100918887,0.039089085464251376,25.5825888
1419,Garlic,5.0,1.0,1.0,"Garlic, raw",1.0,269.0,"Sugars, Total",G,5.0,5.0,453.592,0.011023122100918888,0.011023122100918888,1.1023122100918887,1.1023122100918887,1.1023122100918887,0.907184
1420,Garlic,5.0,1.0,1.0,"Garlic, raw",63.1,255.0,Water,G,5.0,5.0,453.592,0.011023122100918888,0.011023122100918888,1.1023122100918887,1.1023122100918887,0.017469290175782706,57.2433104
1421,Garlic,5.0,1.0,1.0,"Garlic, raw",6.62,203.0,Protein,G,5.0,5.0,453.592,0.011023122100918888,0.011023122100918888,1.1023122100918887,1.1023122100918887,0.1665124184428835,6.00555808
1422,Garlic,5.0,1.0,1.0,"Garlic, raw",0.0,611.0,SFA 12:0,G,5.0,5.0,453.592,0.011023122100918888,0.011023122100918888,1.1023122100918887,1.1023122100918887,inf,0.0
1423,Garlic,5.0,1.0,1.0,"Garlic, raw",0.0,322.0,"Carotene, alpha",UG,5.0,5.0,453.592,0.011023122100918888,0.011023122100918888,1.1023122100918887,1.1023122100918887,inf,0.0
1424,Garlic,5.0,1.0,1.0,"Garlic, raw",16.0,338.0,Lutein + zeaxanthin,UG,5.0,5.0,453.592,0.011023122100918888,0.011023122100918888,1.1023122100918887,1.1023122100918887,0.06889451313074305,14.514944
1425,Garlic,5.0,1.0,1.0,"Garlic, raw",0.0,319.0,Retinol,UG,5.0,5.0,453.592,0.011023122100918888,0.011023122100918888,1.1023122100918887,1.1023122100918887,inf,0.0
1426,Garlic,5.0,1.0,1.0,"Garlic, raw",0.002,610.0,SFA 10:0,G,5.0,5.0,453.592,0.011023122100918888,0.011023122100918888,1.1023122100918887,1.1023122100918887,551.1561050459444,0.001814368
1427,Garlic,5.0,1.0,1.0,"Garlic, raw",0.0,621.0,PUFA 22:6 n-3 (DHA),G,5.0,5.0,453.592,0.011023122100918888,0.011023122100918888,1.1023122100918887,1.1023122100918887,inf,0.0
1428,Garlic,5.0,1.0,1.0,"Garlic, raw",3.0,417.0,"Folate, total",UG,5.0,5.0,453.592,0.011023122100918888,0.011023122100918888,1.1023122100918887,1.1023122100918887,0.3674374033639629,2.721552
1429,Garlic,5.0,1.0,1.0,"Garlic, raw",0.0,601.0,Cholesterol,MG,5.0,5.0,453.592,0.011023122100918888,0.011023122100918888,1.1023122100918887,1.1023122100918887,inf,0.0
1430,Garlic,5.0,1.0,1.0,"Garlic, raw",0.0,573.0,"Vitamin E, added",MG,5.0,5.0,453.592,0.011023122100918888,0.011023122100918888,1.1023122100918887,1.1023122100918887,inf,0.0
1431,Garlic,5.0,1.0,1.0,"Garlic, raw",0.0,627.0,PUFA 18:4,G,5.0,5.0,453.592,0.011023122100918888,0.011023122100918888,1.1023122100918887,1.1023122100918887,inf,0.0
1432,Garlic,5.0,1.0,1.0,"Garlic, raw",0.02,619.0,PUFA 18:3,G,5.0,5.0,453.592,0.011023122100918888,0.011023122100918888,1.1023122100918887,1.1023122100918887,55.115610504594436,0.018143680000000002
1433,Garlic,5.0,1.0,1.0,"Garlic, raw",0.0,418.0,Vitamin B-12,UG,5.0,5.0,453.592,0.011023122100918888,0.011023122100918888,1.1023122100918887,1.1023122100918887,inf,0.0
1434,Garlic,5.0,1.0,1.0,"Garlic, raw",0.0,328.0,Vitamin D (D2 + D3),UG,5.0,5.0,453.592,0.011023122100918888,0.011023122100918888,1.1023122100918887,1.1023122100918887,inf,0.0
1435,Garlic,5.0,1.0,1.0,"Garlic, raw",0.11,405.0,Riboflavin,MG,5.0,5.0,453.592,0.011023122100918888,0.011023122100918888,1.1023122100918887,1.1023122100918887,10.021020091744443,0.09979024
1436,Garlic,5.0,1.0,1.0,"Garlic, raw",1.7,303.0,"Iron, Fe",MG,5.0,5.0,453.592,0.011023122100918888,0.011023122100918888,1.1023122100918887,1.1023122100918887,0.6484189471128757,1.5422128
1437,Garlic,5.0,1.0,1.0,"Garlic, raw",0.011,645.0,"Fatty acids, total monounsaturated",G,5.0,5.0,453.592,0.011023122100918888,0.011023122100918888,1.1023122100918887,1.1023122100918887,100.21020091744444,0.009979024
1438,Spinach,1.65,0.5,1.0,"Spinach, raw",2.41,205.0,"Carbohydrate, by difference",G,3.3,3.3,226.796,0.007275260586606465,0.007275260586606465,0.7275260586606466,0.7275260586606466,0.30187803263927243,3.3125961212121213
1439,Spinach,1.65,0.5,1.0,"Spinach, raw",0.0,319.0,Retinol,UG,3.3,3.3,226.796,0.007275260586606465,0.007275260586606465,0.7275260586606466,0.7275260586606466,inf,0.0
1440,Spinach,1.65,0.5,1.0,"Spinach, raw",0.0,322.0,"Carotene, alpha",UG,3.3,3.3,226.796,0.007275260586606465,0.007275260586606465,0.7275260586606466,0.7275260586606466,inf,0.0
1441,Spinach,1.65,0.5,1.0,"Spinach, raw",0.0,337.0,Lycopene,UG,3.3,3.3,226.796,0.007275260586606465,0.007275260586606465,0.7275260586606466,0.7275260586606466,inf,0.0
1442,Spinach,1.65,0.5,1.0,"Spinach, raw",0.0,328.0,Vitamin D (D2 + D3),UG,3.3,3.3,226.796,0.007275260586606465,0.007275260586606465,0.7275260586606466,0.7275260586606466,inf,0.0
1443,Spinach,1.65,0.5,1.0,"Spinach, raw",0.026,618.0,PUFA 18:2,G,3.3,3.3,226.796,0.007275260586606465,0.007275260586606465,0.7275260586606466,0.7275260586606466,27.981771486947945,0.03573755151515151
1444,Spinach,1.65,0.5,1.0,"Spinach, raw",0.0,221.0,"Alcohol, ethyl",G,3.3,3.3,226.796,0.007275260586606465,0.007275260586606465,0.7275260586606466,0.7275260586606466,inf,0.0
1445,Spinach,1.65,0.5,1.0,"Spinach, raw",0.195,415.0,Vitamin B-6,MG,3.3,3.3,226.796,0.007275260586606465,0.007275260586606465,0.7275260586606466,0.7275260586606466,3.7309028649263927,0.26803163636363636
1446,Spinach,1.65,0.5,1.0,"Spinach, raw",0.0,573.0,"Vitamin E, added",MG,3.3,3.3,226.796,0.007275260586606465,0.007275260586606465,0.7275260586606466,0.7275260586606466,inf,0.0
1447,Spinach,1.65,0.5,1.0,"Spinach, raw",1.6,291.0,"Fiber, total dietary",G,3.3,3.3,226.796,0.007275260586606465,0.007275260586606465,0.7275260586606466,0.7275260586606466,0.45470378666290406,2.1992339393939395
1448,Spinach,1.65,0.5,1.0,"Spinach, raw",0.0,629.0,PUFA 20:5 n-3 (EPA),G,3.3,3.3,226.796,0.007275260586606465,0.007275260586606465,0.7275260586606466,0.7275260586606466,inf,0.0
1449,Spinach,1.65,0.5,1.0,"Spinach, raw",0.005,626.0,MUFA 16:1,G,3.3,3.3,226.796,0.007275260586606465,0.007275260586606465,0.7275260586606466,0.7275260586606466,145.5052117321293,0.006872606060606061
1450,Spinach,1.65,0.5,1.0,"Spinach, raw",0.0,631.0,PUFA 22:5 n-3 (DPA),G,3.3,3.3,226.796,0.007275260586606465,0.007275260586606465,0.7275260586606466,0.7275260586606466,inf,0.0
1451,Spinach,1.65,0.5,1.0,"Spinach, raw",0.0,262.0,Caffeine,MG,3.3,3.3,226.796,0.007275260586606465,0.007275260586606465,0.7275260586606466,0.7275260586606466,inf,0.0
1452,Spinach,1.65,0.5,1.0,"Spinach, raw",1.26,303.0,"Iron, Fe",MG,3.3,3.3,226.796,0.007275260586606465,0.007275260586606465,0.7275260586606466,0.7275260586606466,0.577401633857656,1.7318967272727273
1453,Spinach,1.65,0.5,1.0,"Spinach, raw",19.3,421.0,"Choline, total",MG,3.3,3.3,226.796,0.007275260586606465,0.007275260586606465,0.7275260586606466,0.7275260586606466,0.03769565070780552,26.528259393939393
1454,Spinach,1.65,0.5,1.0,"Spinach, raw",582.0,306.0,"Potassium, K",MG,3.3,3.3,226.796,0.007275260586606465,0.007275260586606465,0.7275260586606466,0.7275260586606466,0.0012500447743310078,799.9713454545455
1455,Spinach,1.65,0.5,1.0,"Spinach, raw",0.077,404.0,Thiamin,MG,3.3,3.3,226.796,0.007275260586606465,0.007275260586606465,0.7275260586606466,0.7275260586606466,9.44839037221619,0.10583813333333333
1456,Spinach,1.65,0.5,1.0,"Spinach, raw",0.0,317.0,"Selenium, Se",UG,3.3,3.3,226.796,0.007275260586606465,0.007275260586606465,0.7275260586606466,0.7275260586606466,inf,0.0
1457,Spinach,1.65,0.5,1.0,"Spinach, raw",39.0,305.0,"Phosphorus, P",MG,3.3,3.3,226.796,0.007275260586606465,0.007275260586606465,0.7275260586606466,0.7275260586606466,0.018654514324631964,53.60632727272727
1458,Spinach,1.65,0.5,1.0,"Spinach, raw",0.138,619.0,PUFA 18:3,G,3.3,3.3,226.796,0.007275260586606465,0.007275260586606465,0.7275260586606466,0.7275260586606466,5.271927961309033,0.1896839272727273
1459,Spinach,1.65,0.5,1.0,"Spinach, raw",0.0,627.0,PUFA 18:4,G,3.3,3.3,226.796,0.007275260586606465,0.007275260586606465,0.7275260586606466,0.7275260586606466,inf,0.0
1460,Spinach,1.65,0.5,1.0,"Spinach, raw",0.0,610.0,SFA 10:0,G,3.3,3.3,226.796,0.007275260586606465,0.007275260586606465,0.7275260586606466,0.7275260586606466,inf,0.0
1461,Spinach,1.65,0.5,1.0,"Spinach, raw",68.0,301.0,"Calcium, Ca",MG,3.3,3.3,226.796,0.007275260586606465,0.007275260586606465,0.7275260586606466,0.7275260586606466,0.01069891262736245,93.46744242424242
1462,Spinach,1.65,0.5,1.0,"Spinach, raw",27.0,208.0,Energy,KCAL,3.3,3.3,226.796,0.007275260586606465,0.007275260586606465,0.7275260586606466,0.7275260586606466,0.026945409580023946,37.112072727272725
1463,Spinach,1.65,0.5,1.0,"Spinach, raw",0.063,606.0,"Fatty acids, total saturated",G,3.3,3.3,226.796,0.007275260586606465,0.007275260586606465,0.7275260586606466,0.7275260586606466,11.54803267715312,0.08659483636363637
1464,Spinach,1.65,0.5,1.0,"Spinach, raw",0.0,620.0,PUFA 20:4,G,3.3,3.3,226.796,0.007275260586606465,0.007275260586606465,0.7275260586606466,0.7275260586606466,inf,0.0
1465,Spinach,1.65,0.5,1.0,"Spinach, raw",283.0,320.0,"Vitamin A, RAE",UG,3.3,3.3,226.796,0.007275260586606465,0.007275260586606465,0.7275260586606466,0.7275260586606466,0.0025707634581648288,388.989503030303
1466,Spinach,1.65,0.5,1.0,"Spinach, raw",0.194,405.0,Riboflavin,MG,3.3,3.3,226.796,0.007275260586606465,0.007275260586606465,0.7275260586606466,0.7275260586606466,3.7501343229930235,0.26665711515151513
1467,Spinach,1.65,0.5,1.0,"Spinach, raw",0.0,607.0,SFA 4:0,G,3.3,3.3,226.796,0.007275260586606465,0.007275260586606465,0.7275260586606466,0.7275260586606466,inf,0.0
1468,Spinach,1.65,0.5,1.0,"Spinach, raw",116.0,417.0,"Folate, total",UG,3.3,3.3,226.796,0.007275260586606465,0.007275260586606465,0.7275260586606466,0.7275260586606466,0.006271776367764195,159.4444606060606
1469,Spinach,1.65,0.5,1.0,"Spinach, raw",0.0,334.0,"Cryptoxanthin, beta",UG,3.3,3.3,226.796,0.007275260586606465,0.007275260586606465,0.7275260586606466,0.7275260586606466,inf,0.0
1470,Spinach,1.65,0.5,1.0,"Spinach, raw",0.0,611.0,SFA 12:0,G,3.3,3.3,226.796,0.007275260586606465,0.007275260586606465,0.7275260586606466,0.7275260586606466,inf,0.0
1471,Spinach,1.65,0.5,1.0,"Spinach, raw",6020.0,338.0,Lutein + zeaxanthin,UG,3.3,3.3,226.796,0.007275260586606465,0.007275260586606465,0.7275260586606466,0.7275260586606466,0.00012085150476090474,8274.617696969697
1472,Spinach,1.65,0.5,1.0,"Spinach, raw",482.9,430.0,Vitamin K (phylloquinone),UG,3.3,3.3,226.796,0.007275260586606465,0.007275260586606465,0.7275260586606466,0.7275260586606466,0.0015065770525173878,663.7562933333334
1473,Spinach,1.65,0.5,1.0,"Spinach, raw",0.004,614.0,SFA 18:0,G,3.3,3.3,226.796,0.007275260586606465,0.007275260586606465,0.7275260586606466,0.7275260586606466,181.88151466516163,0.005498084848484849
1474,Spinach,1.65,0.5,1.0,"Spinach, raw",111.0,307.0,"Sodium, Na",MG,3.3,3.3,226.796,0.007275260586606465,0.007275260586606465,0.7275260586606466,0.7275260586606466,0.006554288816762581,152.57185454545456
1475,Spinach,1.65,0.5,1.0,"Spinach, raw",3400.0,321.0,"Carotene, beta",UG,3.3,3.3,226.796,0.007275260586606465,0.007275260586606465,0.7275260586606466,0.7275260586606466,0.00021397825254724899,4673.372121212121
1476,Spinach,1.65,0.5,1.0,"Spinach, raw",0.551,406.0,Niacin,MG,3.3,3.3,226.796,0.007275260586606465,0.007275260586606465,0.7275260586606466,0.7275260586606466,1.320373972160883,0.7573611878787879
1477,Spinach,1.65,0.5,1.0,"Spinach, raw",0.45,309.0,"Zinc, Zn",MG,3.3,3.3,226.796,0.007275260586606465,0.007275260586606465,0.7275260586606466,0.7275260586606466,1.6167245748014367,0.6185345454545454
1478,Spinach,1.65,0.5,1.0,"Spinach, raw",0.0,601.0,Cholesterol,MG,3.3,3.3,226.796,0.007275260586606465,0.007275260586606465,0.7275260586606466,0.7275260586606466,inf,0.0
1479,Spinach,1.65,0.5,1.0,"Spinach, raw",0.0,431.0,Folic acid,UG,3.3,3.3,226.796,0.007275260586606465,0.007275260586606465,0.7275260586606466,0.7275260586606466,inf,0.0
1480,Spinach,1.65,0.5,1.0,"Spinach, raw",0.0,578.0,"Vitamin B-12, added",UG,3.3,3.3,226.796,0.007275260586606465,0.007275260586606465,0.7275260586606466,0.7275260586606466,inf,0.0
1481,Spinach,1.65,0.5,1.0,"Spinach, raw",0.0,621.0,PUFA 22:6 n-3 (DHA),G,3.3,3.3,226.796,0.007275260586606465,0.007275260586606465,0.7275260586606466,0.7275260586606466,inf,0.0
1482,Spinach,1.65,0.5,1.0,"Spinach, raw",2.03,323.0,Vitamin E (alpha-tocopherol),MG,3.3,3.3,226.796,0.007275260586606465,0.007275260586606465,0.7275260586606466,0.7275260586606466,0.35838722101509685,2.7902780606060604
1483,Spinach,1.65,0.5,1.0,"Spinach, raw",0.01,645.0,"Fatty acids, total monounsaturated",G,3.3,3.3,226.796,0.007275260586606465,0.007275260586606465,0.7275260586606466,0.7275260586606466,72.75260586606466,0.013745212121212122
1484,Spinach,1.65,0.5,1.0,"Spinach, raw",0.165,646.0,"Fatty acids, total polyunsaturated",G,3.3,3.3,226.796,0.007275260586606465,0.007275260586606465,0.7275260586606466,0.7275260586606466,4.409248840367555,0.22679600000000003
1485,Spinach,1.65,0.5,1.0,"Spinach, raw",116.0,435.0,"Folate, DFE",UG,3.3,3.3,226.796,0.007275260586606465,0.007275260586606465,0.7275260586606466,0.7275260586606466,0.006271776367764195,159.4444606060606
1486,Spinach,1.65,0.5,1.0,"Spinach, raw",0.005,617.0,MUFA 18:1,G,3.3,3.3,226.796,0.007275260586606465,0.007275260586606465,0.7275260586606466,0.7275260586606466,145.5052117321293,0.006872606060606061
1487,Spinach,1.65,0.5,1.0,"Spinach, raw",0.082,312.0,"Copper, Cu",MG,3.3,3.3,226.796,0.007275260586606465,0.007275260586606465,0.7275260586606466,0.7275260586606466,8.872269008056666,0.1127107393939394
1488,Spinach,1.65,0.5,1.0,"Spinach, raw",0.42,269.0,"Sugars, Total",G,3.3,3.3,226.796,0.007275260586606465,0.007275260586606465,0.7275260586606466,0.7275260586606466,1.7322049015729681,0.5772989090909091
1489,Spinach,1.65,0.5,1.0,"Spinach, raw",0.62,204.0,Total lipid (fat),G,3.3,3.3,226.796,0.007275260586606465,0.007275260586606465,0.7275260586606466,0.7275260586606466,1.1734291268720105,0.8522031515151515
1490,Spinach,1.65,0.5,1.0,"Spinach, raw",0.01,612.0,SFA 14:0,G,3.3,3.3,226.796,0.007275260586606465,0.007275260586606465,0.7275260586606466,0.7275260586606466,72.75260586606466,0.013745212121212122
1491,Spinach,1.65,0.5,1.0,"Spinach, raw",0.0,418.0,Vitamin B-12,UG,3.3,3.3,226.796,0.007275260586606465,0.007275260586606465,0.7275260586606466,0.7275260586606466,inf,0.0
1492,Spinach,1.65,0.5,1.0,"Spinach, raw",0.049,613.0,SFA 16:0,G,3.3,3.3,226.796,0.007275260586606465,0.007275260586606465,0.7275260586606466,0.7275260586606466,14.847470584911154,0.0673515393939394
1493,Spinach,1.65,0.5,1.0,"Spinach, raw",0.0,608.0,SFA 6:0,G,3.3,3.3,226.796,0.007275260586606465,0.007275260586606465,0.7275260586606466,0.7275260586606466,inf,0.0
1494,Spinach,1.65,0.5,1.0,"Spinach, raw",2.85,203.0,Protein,G,3.3,3.3,226.796,0.007275260586606465,0.007275260586606465,0.7275260586606466,0.7275260586606466,0.2552723012844374,3.9173854545454545
1495,Spinach,1.65,0.5,1.0,"Spinach, raw",0.0,609.0,SFA 8:0,G,3.3,3.3,226.796,0.007275260586606465,0.007275260586606465,0.7275260586606466,0.7275260586606466,inf,0.0
1496,Spinach,1.65,0.5,1.0,"Spinach, raw",93.0,304.0,"Magnesium, Mg",MG,3.3,3.3,226.796,0.007275260586606465,0.007275260586606465,0.7275260586606466,0.7275260586606466,0.007822860845813405,127.83047272727273
1497,Spinach,1.65,0.5,1.0,"Spinach, raw",92.52,255.0,Water,G,3.3,3.3,226.796,0.007275260586606465,0.007275260586606465,0.7275260586606466,0.7275260586606466,0.00786344637549337,127.17070254545455
1498,Spinach,1.65,0.5,1.0,"Spinach, raw",116.0,432.0,"Folate, food",UG,3.3,3.3,226.796,0.007275260586606465,0.007275260586606465,0.7275260586606466,0.7275260586606466,0.006271776367764195,159.4444606060606
1499,Spinach,1.65,0.5,1.0,"Spinach, raw",0.0,628.0,MUFA 20:1,G,3.3,3.3,226.796,0.007275260586606465,0.007275260586606465,0.7275260586606466,0.7275260586606466,inf,0.0
1500,Spinach,1.65,0.5,1.0,"Spinach, raw",0.0,630.0,MUFA 22:1,G,3.3,3.3,226.796,0.007275260586606465,0.007275260586606465,0.7275260586606466,0.7275260586606466,inf,0.0
1501,Spinach,1.65,0.5,1.0,"Spinach, raw",26.5,401.0,"Vitamin C, total ascorbic acid",MG,3.3,3.3,226.796,0.007275260586606465,0.007275260586606465,0.7275260586606466,0.7275260586606466,0.027453813534364022,36.42481212121212
1502,Spinach,1.65,0.5,1.0,"Spinach, raw",0.0,263.0,Theobromine,MG,3.3,3.3,226.796,0.007275260586606465,0.007275260586606465,0.7275260586606466,0.7275260586606466,inf,0.0
1503,Corn,1.09,0.75,1.0,"Corn, raw",0.432,645.0,"Fatty acids, total monounsaturated",G,1.4533333333333334,1.4533333333333334,340.19399999999996,0.003204054157333757,0.003204054157333757,0.3204054157333757,0.3204054157333757,0.7416792030865179,1.3482918165137612
1504,Corn,1.09,0.75,1.0,"Corn, raw",9.0,320.0,"Vitamin A, RAE",UG,1.4533333333333334,1.4533333333333334,340.19399999999996,0.003204054157333757,0.003204054157333757,0.3204054157333757,0.3204054157333757,0.035600601748152855,28.08941284403669
1505,Corn,1.09,0.75,1.0,"Corn, raw",0.0,262.0,Caffeine,MG,1.4533333333333334,1.4533333333333334,340.19399999999996,0.003204054157333757,0.003204054157333757,0.3204054157333757,0.3204054157333757,inf,0.0
1506,Corn,1.09,0.75,1.0,"Corn, raw",644.0,338.0,Lutein + zeaxanthin,UG,1.4533333333333334,1.4533333333333334,340.19399999999996,0.003204054157333757,0.003204054157333757,0.3204054157333757,0.3204054157333757,0.0004975239374741859,2009.9535412844034
1507,Corn,1.09,0.75,1.0,"Corn, raw",0.0,418.0,Vitamin B-12,UG,1.4533333333333334,1.4533333333333334,340.19399999999996,0.003204054157333757,0.003204054157333757,0.3204054157333757,0.3204054157333757,inf,0.0
1508,Corn,1.09,0.75,1.0,"Corn, raw",0.0,221.0,"Alcohol, ethyl",G,1.4533333333333334,1.4533333333333334,340.19399999999996,0.003204054157333757,0.003204054157333757,0.3204054157333757,0.3204054157333757,inf,0.0
1509,Corn,1.09,0.75,1.0,"Corn, raw",15.0,307.0,"Sodium, Na",MG,1.4533333333333334,1.4533333333333334,340.19399999999996,0.003204054157333757,0.003204054157333757,0.3204054157333757,0.3204054157333757,0.021360361048891715,46.81568807339449
1510,Corn,1.09,0.75,1.0,"Corn, raw",0.0,629.0,PUFA 20:5 n-3 (EPA),G,1.4533333333333334,1.4533333333333334,340.19399999999996,0.003204054157333757,0.003204054157333757,0.3204054157333757,0.3204054157333757,inf,0.0
1511,Corn,1.09,0.75,1.0,"Corn, raw",2.0,301.0,"Calcium, Ca",MG,1.4533333333333334,1.4533333333333334,340.19399999999996,0.003204054157333757,0.003204054157333757,0.3204054157333757,0.3204054157333757,0.16020270786668786,6.242091743119265
1512,Corn,1.09,0.75,1.0,"Corn, raw",42.0,432.0,"Folate, food",UG,1.4533333333333334,1.4533333333333334,340.19399999999996,0.003204054157333757,0.003204054157333757,0.3204054157333757,0.3204054157333757,0.007628700374604184,131.08392660550456
1513,Corn,1.09,0.75,1.0,"Corn, raw",0.487,646.0,"Fatty acids, total polyunsaturated",G,1.4533333333333334,1.4533333333333334,340.19399999999996,0.003204054157333757,0.003204054157333757,0.3204054157333757,0.3204054157333757,0.6579166647502581,1.519949339449541
1514,Corn,1.09,0.75,1.0,"Corn, raw",0.0,627.0,PUFA 18:4,G,1.4533333333333334,1.4533333333333334,340.19399999999996,0.003204054157333757,0.003204054157333757,0.3204054157333757,0.3204054157333757,inf,0.0
1515,Corn,1.09,0.75,1.0,"Corn, raw",0.0,431.0,Folic acid,UG,1.4533333333333334,1.4533333333333334,340.19399999999996,0.003204054157333757,0.003204054157333757,0.3204054157333757,0.3204054157333757,inf,0.0
1516,Corn,1.09,0.75,1.0,"Corn, raw",0.52,303.0,"Iron, Fe",MG,1.4533333333333334,1.4533333333333334,340.19399999999996,0.003204054157333757,0.003204054157333757,0.3204054157333757,0.3204054157333757,0.6161642610257225,1.622943853211009
1517,Corn,1.09,0.75,1.0,"Corn, raw",0.419,617.0,MUFA 18:1,G,1.4533333333333334,1.4533333333333334,340.19399999999996,0.003204054157333757,0.003204054157333757,0.3204054157333757,0.3204054157333757,0.7646907296739278,1.307718220183486
1518,Corn,1.09,0.75,1.0,"Corn, raw",0.0,609.0,SFA 8:0,G,1.4533333333333334,1.4533333333333334,340.19399999999996,0.003204054157333757,0.003204054157333757,0.3204054157333757,0.3204054157333757,inf,0.0
1519,Corn,1.09,0.75,1.0,"Corn, raw",6.8,401.0,"Vitamin C, total ascorbic acid",MG,1.4533333333333334,1.4533333333333334,340.19399999999996,0.003204054157333757,0.003204054157333757,0.3204054157333757,0.3204054157333757,0.04711844349020231,21.2231119266055
1520,Corn,1.09,0.75,1.0,"Corn, raw",0.014,619.0,PUFA 18:3,G,1.4533333333333334,1.4533333333333334,340.19399999999996,0.003204054157333757,0.003204054157333757,0.3204054157333757,0.3204054157333757,22.88610112381255,0.04369464220183485
1521,Corn,1.09,0.75,1.0,"Corn, raw",0.054,312.0,"Copper, Cu",MG,1.4533333333333334,1.4533333333333334,340.19399999999996,0.003204054157333757,0.003204054157333757,0.3204054157333757,0.3204054157333757,5.933433624692143,0.16853647706422015
1522,Corn,1.09,0.75,1.0,"Corn, raw",0.325,606.0,"Fatty acids, total saturated",G,1.4533333333333334,1.4533333333333334,340.19399999999996,0.003204054157333757,0.003204054157333757,0.3204054157333757,0.3204054157333757,0.985862817641156,1.0143399082568805
1523,Corn,1.09,0.75,1.0,"Corn, raw",0.045,614.0,SFA 18:0,G,1.4533333333333334,1.4533333333333334,340.19399999999996,0.003204054157333757,0.003204054157333757,0.3204054157333757,0.3204054157333757,7.120120349630572,0.14044706422018347
1524,Corn,1.09,0.75,1.0,"Corn, raw",6.26,269.0,"Sugars, Total",G,1.4533333333333334,1.4533333333333334,340.19399999999996,0.003204054157333757,0.003204054157333757,0.3204054157333757,0.3204054157333757,0.0511829737593252,19.5377471559633
1525,Corn,1.09,0.75,1.0,"Corn, raw",0.001,611.0,SFA 12:0,G,1.4533333333333334,1.4533333333333334,340.19399999999996,0.003204054157333757,0.003204054157333757,0.3204054157333757,0.3204054157333757,320.4054157333757,0.0031210458715596324
1526,Corn,1.09,0.75,1.0,"Corn, raw",0.055,405.0,Riboflavin,MG,1.4533333333333334,1.4533333333333334,340.19399999999996,0.003204054157333757,0.003204054157333757,0.3204054157333757,0.3204054157333757,5.825553013334104,0.1716575229357798
1527,Corn,1.09,0.75,1.0,"Corn, raw",42.0,435.0,"Folate, DFE",UG,1.4533333333333334,1.4533333333333334,340.19399999999996,0.003204054157333757,0.003204054157333757,0.3204054157333757,0.3204054157333757,0.007628700374604184,131.08392660550456
1528,Corn,1.09,0.75,1.0,"Corn, raw",47.0,321.0,"Carotene, beta",UG,1.4533333333333334,1.4533333333333334,340.19399999999996,0.003204054157333757,0.003204054157333757,0.3204054157333757,0.3204054157333757,0.006817136504965441,146.68915596330274
1529,Corn,1.09,0.75,1.0,"Corn, raw",16.0,322.0,"Carotene, alpha",UG,1.4533333333333334,1.4533333333333334,340.19399999999996,0.003204054157333757,0.003204054157333757,0.3204054157333757,0.3204054157333757,0.020025338483335983,49.93673394495412
1530,Corn,1.09,0.75,1.0,"Corn, raw",0.004,626.0,MUFA 16:1,G,1.4533333333333334,1.4533333333333334,340.19399999999996,0.003204054157333757,0.003204054157333757,0.3204054157333757,0.3204054157333757,80.10135393334393,0.01248418348623853
1531,Corn,1.09,0.75,1.0,"Corn, raw",1.35,204.0,Total lipid (fat),G,1.4533333333333334,1.4533333333333334,340.19399999999996,0.003204054157333757,0.003204054157333757,0.3204054157333757,0.3204054157333757,0.23733734498768572,4.213411926605504
1532,Corn,1.09,0.75,1.0,"Corn, raw",0.093,415.0,Vitamin B-6,MG,1.4533333333333334,1.4533333333333334,340.19399999999996,0.003204054157333757,0.003204054157333757,0.3204054157333757,0.3204054157333757,3.4452195240147927,0.2902572660550458
1533,Corn,1.09,0.75,1.0,"Corn, raw",0.472,618.0,PUFA 18:2,G,1.4533333333333334,1.4533333333333334,340.19399999999996,0.003204054157333757,0.003204054157333757,0.3204054157333757,0.3204054157333757,0.6788250333334231,1.4731336513761464
1534,Corn,1.09,0.75,1.0,"Corn, raw",37.0,304.0,"Magnesium, Mg",MG,1.4533333333333334,1.4533333333333334,340.19399999999996,0.003204054157333757,0.003204054157333757,0.3204054157333757,0.3204054157333757,0.008659605830631776,115.4786972477064
1535,Corn,1.09,0.75,1.0,"Corn, raw",76.05,255.0,Water,G,1.4533333333333334,1.4533333333333334,340.19399999999996,0.003204054157333757,0.003204054157333757,0.3204054157333757,0.3204054157333757,0.004213088964278445,237.35553853211005
1536,Corn,1.09,0.75,1.0,"Corn, raw",42.0,417.0,"Folate, total",UG,1.4533333333333334,1.4533333333333334,340.19399999999996,0.003204054157333757,0.003204054157333757,0.3204054157333757,0.3204054157333757,0.007628700374604184,131.08392660550456
1537,Corn,1.09,0.75,1.0,"Corn, raw",0.46,309.0,"Zinc, Zn",MG,1.4533333333333334,1.4533333333333334,340.19399999999996,0.003204054157333757,0.003204054157333757,0.3204054157333757,0.3204054157333757,0.6965335124638602,1.435681100917431
1538,Corn,1.09,0.75,1.0,"Corn, raw",23.0,421.0,"Choline, total",MG,1.4533333333333334,1.4533333333333334,340.19399999999996,0.003204054157333757,0.003204054157333757,0.3204054157333757,0.3204054157333757,0.013930670249277206,71.78405504587154
1539,Corn,1.09,0.75,1.0,"Corn, raw",0.3,430.0,Vitamin K (phylloquinone),UG,1.4533333333333334,1.4533333333333334,340.19399999999996,0.003204054157333757,0.003204054157333757,0.3204054157333757,0.3204054157333757,1.0680180524445857,0.9363137614678897
1540,Corn,1.09,0.75,1.0,"Corn, raw",0.0,578.0,"Vitamin B-12, added",UG,1.4533333333333334,1.4533333333333334,340.19399999999996,0.003204054157333757,0.003204054157333757,0.3204054157333757,0.3204054157333757,inf,0.0
1541,Corn,1.09,0.75,1.0,"Corn, raw",18.7,205.0,"Carbohydrate, by difference",G,1.4533333333333334,1.4533333333333334,340.19399999999996,0.003204054157333757,0.003204054157333757,0.3204054157333757,0.3204054157333757,0.017133979450982658,58.363557798165125
1542,Corn,1.09,0.75,1.0,"Corn, raw",0.0,337.0,Lycopene,UG,1.4533333333333334,1.4533333333333334,340.19399999999996,0.003204054157333757,0.003204054157333757,0.3204054157333757,0.3204054157333757,inf,0.0
1543,Corn,1.09,0.75,1.0,"Corn, raw",0.0,319.0,Retinol,UG,1.4533333333333334,1.4533333333333334,340.19399999999996,0.003204054157333757,0.003204054157333757,0.3204054157333757,0.3204054157333757,inf,0.0
1544,Corn,1.09,0.75,1.0,"Corn, raw",89.0,305.0,"Phosphorus, P",MG,1.4533333333333334,1.4533333333333334,340.19399999999996,0.003204054157333757,0.003204054157333757,0.3204054157333757,0.3204054157333757,0.003600060850936806,277.7730825688073
1545,Corn,1.09,0.75,1.0,"Corn, raw",0.003,610.0,SFA 10:0,G,1.4533333333333334,1.4533333333333334,340.19399999999996,0.003204054157333757,0.003204054157333757,0.3204054157333757,0.3204054157333757,106.80180524445858,0.009363137614678897
1546,Corn,1.09,0.75,1.0,"Corn, raw",0.0,328.0,Vitamin D (D2 + D3),UG,1.4533333333333334,1.4533333333333334,340.19399999999996,0.003204054157333757,0.003204054157333757,0.3204054157333757,0.3204054157333757,inf,0.0
1547,Corn,1.09,0.75,1.0,"Corn, raw",0.0,263.0,Theobromine,MG,1.4533333333333334,1.4533333333333334,340.19399999999996,0.003204054157333757,0.003204054157333757,0.3204054157333757,0.3204054157333757,inf,0.0
1548,Corn,1.09,0.75,1.0,"Corn, raw",0.0,607.0,SFA 4:0,G,1.4533333333333334,1.4533333333333334,340.19399999999996,0.003204054157333757,0.003204054157333757,0.3204054157333757,0.3204054157333757,inf,0.0
1549,Corn,1.09,0.75,1.0,"Corn, raw",3.27,203.0,Protein,G,1.4533333333333334,1.4533333333333334,340.19399999999996,0.003204054157333757,0.003204054157333757,0.3204054157333757,0.3204054157333757,0.09798330756372346,10.205819999999997
1550,Corn,1.09,0.75,1.0,"Corn, raw",0.155,404.0,Thiamin,MG,1.4533333333333334,1.4533333333333334,340.19399999999996,0.003204054157333757,0.003204054157333757,0.3204054157333757,0.3204054157333757,2.0671317144088754,0.483762110091743
1551,Corn,1.09,0.75,1.0,"Corn, raw",0.0,630.0,MUFA 22:1,G,1.4533333333333334,1.4533333333333334,340.19399999999996,0.003204054157333757,0.003204054157333757,0.3204054157333757,0.3204054157333757,inf,0.0
1552,Corn,1.09,0.75,1.0,"Corn, raw",0.0,621.0,PUFA 22:6 n-3 (DHA),G,1.4533333333333334,1.4533333333333334,340.19399999999996,0.003204054157333757,0.003204054157333757,0.3204054157333757,0.3204054157333757,inf,0.0
1553,Corn,1.09,0.75,1.0,"Corn, raw",0.0,573.0,"Vitamin E, added",MG,1.4533333333333334,1.4533333333333334,340.19399999999996,0.003204054157333757,0.003204054157333757,0.3204054157333757,0.3204054157333757,inf,0.0
1554,Corn,1.09,0.75,1.0,"Corn, raw",0.001,612.0,SFA 14:0,G,1.4533333333333334,1.4533333333333334,340.19399999999996,0.003204054157333757,0.003204054157333757,0.3204054157333757,0.3204054157333757,320.4054157333757,0.0031210458715596324
1555,Corn,1.09,0.75,1.0,"Corn, raw",1.77,406.0,Niacin,MG,1.4533333333333334,1.4533333333333334,340.19399999999996,0.003204054157333757,0.003204054157333757,0.3204054157333757,0.3204054157333757,0.18102000888891284,5.524251192660549
1556,Corn,1.09,0.75,1.0,"Corn, raw",115.0,334.0,"Cryptoxanthin, beta",UG,1.4533333333333334,1.4533333333333334,340.19399999999996,0.003204054157333757,0.003204054157333757,0.3204054157333757,0.3204054157333757,0.002786134049855441,358.92027522935774
1557,Corn,1.09,0.75,1.0,"Corn, raw",2.0,291.0,"Fiber, total dietary",G,1.4533333333333334,1.4533333333333334,340.19399999999996,0.003204054157333757,0.003204054157333757,0.3204054157333757,0.3204054157333757,0.16020270786668786,6.242091743119265
1558,Corn,1.09,0.75,1.0,"Corn, raw",0.07,323.0,Vitamin E (alpha-tocopherol),MG,1.4533333333333334,1.4533333333333334,340.19399999999996,0.003204054157333757,0.003204054157333757,0.3204054157333757,0.3204054157333757,4.57722022476251,0.2184732110091743
1559,Corn,1.09,0.75,1.0,"Corn, raw",270.0,306.0,"Potassium, K",MG,1.4533333333333334,1.4533333333333334,340.19399999999996,0.003204054157333757,0.003204054157333757,0.3204054157333757,0.3204054157333757,0.0011866867249384287,842.6823853211008
1560,Corn,1.09,0.75,1.0,"Corn, raw",0.0,631.0,PUFA 22:5 n-3 (DPA),G,1.4533333333333334,1.4533333333333334,340.19399999999996,0.003204054157333757,0.003204054157333757,0.3204054157333757,0.3204054157333757,inf,0.0
1561,Corn,1.09,0.75,1.0,"Corn, raw",0.0,608.0,SFA 6:0,G,1.4533333333333334,1.4533333333333334,340.19399999999996,0.003204054157333757,0.003204054157333757,0.3204054157333757,0.3204054157333757,inf,0.0
1562,Corn,1.09,0.75,1.0,"Corn, raw",0.001,620.0,PUFA 20:4,G,1.4533333333333334,1.4533333333333334,340.19399999999996,0.003204054157333757,0.003204054157333757,0.3204054157333757,0.3204054157333757,320.4054157333757,0.0031210458715596324
1563,Corn,1.09,0.75,1.0,"Corn, raw",0.0,601.0,Cholesterol,MG,1.4533333333333334,1.4533333333333334,340.19399999999996,0.003204054157333757,0.003204054157333757,0.3204054157333757,0.3204054157333757,inf,0.0
1564,Corn,1.09,0.75,1.0,"Corn, raw",0.6,317.0,"Selenium, Se",UG,1.4533333333333334,1.4533333333333334,340.19399999999996,0.003204054157333757,0.003204054157333757,0.3204054157333757,0.3204054157333757,0.5340090262222928,1.8726275229357794
1565,Corn,1.09,0.75,1.0,"Corn, raw",0.006,628.0,MUFA 20:1,G,1.4533333333333334,1.4533333333333334,340.19399999999996,0.003204054157333757,0.003204054157333757,0.3204054157333757,0.3204054157333757,53.40090262222929,0.018726275229357794
1566,Corn,1.09,0.75,1.0,"Corn, raw",86.0,208.0,Energy,KCAL,1.4533333333333334,1.4533333333333334,340.19399999999996,0.003204054157333757,0.003204054157333757,0.3204054157333757,0.3204054157333757,0.003725644368992741,268.4099449541284
1567,Corn,1.09,0.75,1.0,"Corn, raw",0.262,613.0,SFA 16:0,G,1.4533333333333334,1.4533333333333334,340.19399999999996,0.003204054157333757,0.003204054157333757,0.3204054157333757,0.3204054157333757,1.222921434096854,0.8177140183486238
1568,Kale,3.48,1.0,1.0,"Kale, raw",0.66,323.0,Vitamin E (alpha-tocopherol),MG,3.48,3.48,453.592,0.007672092982239546,0.007672092982239546,0.7672092982239546,0.7672092982239546,1.1624383306423554,0.8602606896551724
1569,Kale,3.48,1.0,1.0,"Kale, raw",4.1,291.0,"Fiber, total dietary",G,3.48,3.48,453.592,0.007672092982239546,0.007672092982239546,0.7672092982239546,0.7672092982239546,0.18712421907901333,5.3440436781609195
1570,Kale,3.48,1.0,1.0,"Kale, raw",0.0,621.0,PUFA 22:6 n-3 (DHA),G,3.48,3.48,453.592,0.007672092982239546,0.007672092982239546,0.7672092982239546,0.7672092982239546,inf,0.0
1571,Kale,3.48,1.0,1.0,"Kale, raw",0.0,573.0,"Vitamin E, added",MG,3.48,3.48,453.592,0.007672092982239546,0.007672092982239546,0.7672092982239546,0.7672092982239546,inf,0.0
1572,Kale,3.48,1.0,1.0,"Kale, raw",0.0,609.0,SFA 8:0,G,3.48,3.48,453.592,0.007672092982239546,0.007672092982239546,0.7672092982239546,0.7672092982239546,inf,0.0
1573,Kale,3.48,1.0,1.0,"Kale, raw",53.0,307.0,"Sodium, Na",MG,3.48,3.48,453.592,0.007672092982239546,0.007672092982239546,0.7672092982239546,0.7672092982239546,0.014475647136301029,69.08154022988506
1574,Kale,3.48,1.0,1.0,"Kale, raw",0.178,606.0,"Fatty acids, total saturated",G,3.48,3.48,453.592,0.007672092982239546,0.007672092982239546,0.7672092982239546,0.7672092982239546,4.31016459676379,0.2320097011494253
1575,Kale,3.48,1.0,1.0,"Kale, raw",1.18,406.0,Niacin,MG,3.48,3.48,453.592,0.007672092982239546,0.007672092982239546,0.7672092982239546,0.7672092982239546,0.6501773713762327,1.5380418390804598
1576,Kale,3.48,1.0,1.0,"Kale, raw",0.0,322.0,"Carotene, alpha",UG,3.48,3.48,453.592,0.007672092982239546,0.007672092982239546,0.7672092982239546,0.7672092982239546,inf,0.0
1577,Kale,3.48,1.0,1.0,"Kale, raw",0.0,578.0,"Vitamin B-12, added",UG,3.48,3.48,453.592,0.007672092982239546,0.007672092982239546,0.7672092982239546,0.7672092982239546,inf,0.0
1578,Kale,3.48,1.0,1.0,"Kale, raw",33.0,304.0,"Magnesium, Mg",MG,3.48,3.48,453.592,0.007672092982239546,0.007672092982239546,0.7672092982239546,0.7672092982239546,0.023248766612847107,43.01303448275862
1579,Kale,3.48,1.0,1.0,"Kale, raw",2.92,203.0,Protein,G,3.48,3.48,453.592,0.007672092982239546,0.007672092982239546,0.7672092982239546,0.7672092982239546,0.2627429103506694,3.8060018390804595
1580,Kale,3.48,1.0,1.0,"Kale, raw",0.0,608.0,SFA 6:0,G,3.48,3.48,453.592,0.007672092982239546,0.007672092982239546,0.7672092982239546,0.7672092982239546,inf,0.0
1581,Kale,3.48,1.0,1.0,"Kale, raw",0.0,607.0,SFA 4:0,G,3.48,3.48,453.592,0.007672092982239546,0.007672092982239546,0.7672092982239546,0.7672092982239546,inf,0.0
1582,Kale,3.48,1.0,1.0,"Kale, raw",2870.0,321.0,"Carotene, beta",UG,3.48,3.48,453.592,0.007672092982239546,0.007672092982239546,0.7672092982239546,0.7672092982239546,0.000267320312970019,3740.8305747126437
1583,Kale,3.48,1.0,1.0,"Kale, raw",0.158,613.0,SFA 16:0,G,3.48,3.48,453.592,0.007672092982239546,0.007672092982239546,0.7672092982239546,0.7672092982239546,4.855755052050346,0.20594119540229885
1584,Kale,3.48,1.0,1.0,"Kale, raw",0.0,610.0,SFA 10:0,G,3.48,3.48,453.592,0.007672092982239546,0.007672092982239546,0.7672092982239546,0.7672092982239546,inf,0.0
1585,Kale,3.48,1.0,1.0,"Kale, raw",0.9,317.0,"Selenium, Se",UG,3.48,3.48,453.592,0.007672092982239546,0.007672092982239546,0.7672092982239546,0.7672092982239546,0.8524547758043939,1.1730827586206898
1586,Kale,3.48,1.0,1.0,"Kale, raw",0.0,431.0,Folic acid,UG,3.48,3.48,453.592,0.007672092982239546,0.007672092982239546,0.7672092982239546,0.7672092982239546,inf,0.0
1587,Kale,3.48,1.0,1.0,"Kale, raw",0.0,328.0,Vitamin D (D2 + D3),UG,3.48,3.48,453.592,0.007672092982239546,0.007672092982239546,0.7672092982239546,0.7672092982239546,inf,0.0
1588,Kale,3.48,1.0,1.0,"Kale, raw",0.0,418.0,Vitamin B-12,UG,3.48,3.48,453.592,0.007672092982239546,0.007672092982239546,0.7672092982239546,0.7672092982239546,inf,0.0
1589,Kale,3.48,1.0,1.0,"Kale, raw",241.0,320.0,"Vitamin A, RAE",UG,3.48,3.48,453.592,0.007672092982239546,0.007672092982239546,0.7672092982239546,0.7672092982239546,0.003183441071468691,314.1254942528736
1590,Kale,3.48,1.0,1.0,"Kale, raw",0.0,630.0,MUFA 22:1,G,3.48,3.48,453.592,0.007672092982239546,0.007672092982239546,0.7672092982239546,0.7672092982239546,inf,0.0
1591,Kale,3.48,1.0,1.0,"Kale, raw",0.0,263.0,Theobromine,MG,3.48,3.48,453.592,0.007672092982239546,0.007672092982239546,0.7672092982239546,0.7672092982239546,inf,0.0
1592,Kale,3.48,1.0,1.0,"Kale, raw",0.0,628.0,MUFA 20:1,G,3.48,3.48,453.592,0.007672092982239546,0.007672092982239546,0.7672092982239546,0.7672092982239546,inf,0.0
1593,Kale,3.48,1.0,1.0,"Kale, raw",254.0,301.0,"Calcium, Ca",MG,3.48,3.48,453.592,0.007672092982239546,0.007672092982239546,0.7672092982239546,0.7672092982239546,0.003020509048125805,331.07002298850574
1594,Kale,3.48,1.0,1.0,"Kale, raw",348.0,306.0,"Potassium, K",MG,3.48,3.48,453.592,0.007672092982239546,0.007672092982239546,0.7672092982239546,0.7672092982239546,0.0022046244201837776,453.592
1595,Kale,3.48,1.0,1.0,"Kale, raw",0.0,262.0,Caffeine,MG,3.48,3.48,453.592,0.007672092982239546,0.007672092982239546,0.7672092982239546,0.7672092982239546,inf,0.0
1596,Kale,3.48,1.0,1.0,"Kale, raw",390.0,430.0,Vitamin K (phylloquinone),UG,3.48,3.48,453.592,0.007672092982239546,0.007672092982239546,0.7672092982239546,0.7672092982239546,0.0019672033287793707,508.3358620689655
1597,Kale,3.48,1.0,1.0,"Kale, raw",0.113,404.0,Thiamin,MG,3.48,3.48,453.592,0.007672092982239546,0.007672092982239546,0.7672092982239546,0.7672092982239546,6.7894628161411905,0.14728705747126436
1598,Kale,3.48,1.0,1.0,"Kale, raw",0.006,612.0,SFA 14:0,G,3.48,3.48,453.592,0.007672092982239546,0.007672092982239546,0.7672092982239546,0.7672092982239546,127.86821637065908,0.00782055172413793
1599,Kale,3.48,1.0,1.0,"Kale, raw",0.104,645.0,"Fatty acids, total monounsaturated",G,3.48,3.48,453.592,0.007672092982239546,0.007672092982239546,0.7672092982239546,0.7672092982239546,7.37701248292264,0.13555622988505747
1600,Kale,3.48,1.0,1.0,"Kale, raw",6260.0,338.0,Lutein + zeaxanthin,UG,3.48,3.48,453.592,0.007672092982239546,0.007672092982239546,0.7672092982239546,0.7672092982239546,0.00012255739588242087,8159.442298850575
1601,Kale,3.48,1.0,1.0,"Kale, raw",0.0,221.0,"Alcohol, ethyl",G,3.48,3.48,453.592,0.007672092982239546,0.007672092982239546,0.7672092982239546,0.7672092982239546,inf,0.0
1602,Kale,3.48,1.0,1.0,"Kale, raw",0.003,620.0,PUFA 20:4,G,3.48,3.48,453.592,0.007672092982239546,0.007672092982239546,0.7672092982239546,0.7672092982239546,255.73643274131817,0.003910275862068965
1603,Kale,3.48,1.0,1.0,"Kale, raw",0.5,421.0,"Choline, total",MG,3.48,3.48,453.592,0.007672092982239546,0.007672092982239546,0.7672092982239546,0.7672092982239546,1.5344185964479091,0.651712643678161
1604,Kale,3.48,1.0,1.0,"Kale, raw",0.8,269.0,"Sugars, Total",G,3.48,3.48,453.592,0.007672092982239546,0.007672092982239546,0.7672092982239546,0.7672092982239546,0.9590116227799431,1.0427402298850574
1605,Kale,3.48,1.0,1.0,"Kale, raw",0.0,337.0,Lycopene,UG,3.48,3.48,453.592,0.007672092982239546,0.007672092982239546,0.7672092982239546,0.7672092982239546,inf,0.0
1606,Kale,3.48,1.0,1.0,"Kale, raw",0.0,319.0,Retinol,UG,3.48,3.48,453.592,0.007672092982239546,0.007672092982239546,0.7672092982239546,0.7672092982239546,inf,0.0
1607,Kale,3.48,1.0,1.0,"Kale, raw",0.147,415.0,Vitamin B-6,MG,3.48,3.48,453.592,0.007672092982239546,0.007672092982239546,0.7672092982239546,0.7672092982239546,5.2191108722718,0.1916035172413793
1608,Kale,3.48,1.0,1.0,"Kale, raw",62.0,417.0,"Folate, total",UG,3.48,3.48,453.592,0.007672092982239546,0.007672092982239546,0.7672092982239546,0.7672092982239546,0.012374343519741203,80.81236781609195
1609,Kale,3.48,1.0,1.0,"Kale, raw",0.104,617.0,MUFA 18:1,G,3.48,3.48,453.592,0.007672092982239546,0.007672092982239546,0.7672092982239546,0.7672092982239546,7.37701248292264,0.13555622988505747
1610,Kale,3.48,1.0,1.0,"Kale, raw",0.0,627.0,PUFA 18:4,G,3.48,3.48,453.592,0.007672092982239546,0.007672092982239546,0.7672092982239546,0.7672092982239546,inf,0.0
1611,Kale,3.48,1.0,1.0,"Kale, raw",0.0,629.0,PUFA 20:5 n-3 (EPA),G,3.48,3.48,453.592,0.007672092982239546,0.007672092982239546,0.7672092982239546,0.7672092982239546,inf,0.0
1612,Kale,3.48,1.0,1.0,"Kale, raw",27.0,334.0,"Cryptoxanthin, beta",UG,3.48,3.48,453.592,0.007672092982239546,0.007672092982239546,0.7672092982239546,0.7672092982239546,0.028415159193479797,35.19248275862069
1613,Kale,3.48,1.0,1.0,"Kale, raw",55.0,305.0,"Phosphorus, P",MG,3.48,3.48,453.592,0.007672092982239546,0.007672092982239546,0.7672092982239546,0.7672092982239546,0.013949259967708265,71.6883908045977
1614,Kale,3.48,1.0,1.0,"Kale, raw",0.347,405.0,Riboflavin,MG,3.48,3.48,453.592,0.007672092982239546,0.007672092982239546,0.7672092982239546,0.7672092982239546,2.2109778046799846,0.45228857471264367
1615,Kale,3.48,1.0,1.0,"Kale, raw",93.4,401.0,"Vitamin C, total ascorbic acid",MG,3.48,3.48,453.592,0.007672092982239546,0.007672092982239546,0.7672092982239546,0.7672092982239546,0.008214232315031633,121.73992183908047
1616,Kale,3.48,1.0,1.0,"Kale, raw",0.39,309.0,"Zinc, Zn",MG,3.48,3.48,453.592,0.007672092982239546,0.007672092982239546,0.7672092982239546,0.7672092982239546,1.9672033287793707,0.5083358620689655
1617,Kale,3.48,1.0,1.0,"Kale, raw",0.0,626.0,MUFA 16:1,G,3.48,3.48,453.592,0.007672092982239546,0.007672092982239546,0.7672092982239546,0.7672092982239546,inf,0.0
1618,Kale,3.48,1.0,1.0,"Kale, raw",0.291,618.0,PUFA 18:2,G,3.48,3.48,453.592,0.007672092982239546,0.007672092982239546,0.7672092982239546,0.7672092982239546,2.6364580694981257,0.3792967586206896
1619,Kale,3.48,1.0,1.0,"Kale, raw",0.378,619.0,PUFA 18:3,G,3.48,3.48,453.592,0.007672092982239546,0.007672092982239546,0.7672092982239546,0.7672092982239546,2.0296542281057,0.4926947586206897
1620,Kale,3.48,1.0,1.0,"Kale, raw",4.42,205.0,"Carbohydrate, by difference",G,3.48,3.48,453.592,0.007672092982239546,0.007672092982239546,0.7672092982239546,0.7672092982239546,0.17357676430406213,5.7611397701149425
1621,Kale,3.48,1.0,1.0,"Kale, raw",0.0,631.0,PUFA 22:5 n-3 (DPA),G,3.48,3.48,453.592,0.007672092982239546,0.007672092982239546,0.7672092982239546,0.7672092982239546,inf,0.0
1622,Kale,3.48,1.0,1.0,"Kale, raw",0.053,312.0,"Copper, Cu",MG,3.48,3.48,453.592,0.007672092982239546,0.007672092982239546,0.7672092982239546,0.7672092982239546,14.47564713630103,0.06908154022988505
1623,Kale,3.48,1.0,1.0,"Kale, raw",0.006,611.0,SFA 12:0,G,3.48,3.48,453.592,0.007672092982239546,0.007672092982239546,0.7672092982239546,0.7672092982239546,127.86821637065908,0.00782055172413793
1624,Kale,3.48,1.0,1.0,"Kale, raw",1.49,204.0,Total lipid (fat),G,3.48,3.48,453.592,0.007672092982239546,0.007672092982239546,0.7672092982239546,0.7672092982239546,0.5149055692778218,1.9421036781609196
1625,Kale,3.48,1.0,1.0,"Kale, raw",89.6,255.0,Water,G,3.48,3.48,453.592,0.007672092982239546,0.007672092982239546,0.7672092982239546,0.7672092982239546,0.008562603774820921,116.78690574712643
1626,Kale,3.48,1.0,1.0,"Kale, raw",43.0,208.0,Energy,KCAL,3.48,3.48,453.592,0.007672092982239546,0.007672092982239546,0.7672092982239546,0.7672092982239546,0.017842076702882664,56.04728735632184
1627,Kale,3.48,1.0,1.0,"Kale, raw",0.0,601.0,Cholesterol,MG,3.48,3.48,453.592,0.007672092982239546,0.007672092982239546,0.7672092982239546,0.7672092982239546,inf,0.0
1628,Kale,3.48,1.0,1.0,"Kale, raw",62.0,432.0,"Folate, food",UG,3.48,3.48,453.592,0.007672092982239546,0.007672092982239546,0.7672092982239546,0.7672092982239546,0.012374343519741203,80.81236781609195
1629,Kale,3.48,1.0,1.0,"Kale, raw",0.006,614.0,SFA 18:0,G,3.48,3.48,453.592,0.007672092982239546,0.007672092982239546,0.7672092982239546,0.7672092982239546,127.86821637065908,0.00782055172413793
1630,Kale,3.48,1.0,1.0,"Kale, raw",1.6,303.0,"Iron, Fe",MG,3.48,3.48,453.592,0.007672092982239546,0.007672092982239546,0.7672092982239546,0.7672092982239546,0.47950581138997156,2.085480459770115
1631,Kale,3.48,1.0,1.0,"Kale, raw",0.673,646.0,"Fatty acids, total polyunsaturated",G,3.48,3.48,453.592,0.007672092982239546,0.007672092982239546,0.7672092982239546,0.7672092982239546,1.1399840984011211,0.8772052183908047
1632,Kale,3.48,1.0,1.0,"Kale, raw",62.0,435.0,"Folate, DFE",UG,3.48,3.48,453.592,0.007672092982239546,0.007672092982239546,0.7672092982239546,0.7672092982239546,0.012374343519741203,80.81236781609195
1633,Swiss Chard,3.0,1.0,1.0,"Chard, raw",0.0,612.0,SFA 14:0,G,3.0,3.0,453.592,0.006613873260551332,0.006613873260551332,0.6613873260551333,0.6613873260551333,inf,0.0
1634,Swiss Chard,3.0,1.0,1.0,"Chard, raw",0.0,573.0,"Vitamin E, added",MG,3.0,3.0,453.592,0.006613873260551332,0.006613873260551332,0.6613873260551333,0.6613873260551333,inf,0.0
1635,Swiss Chard,3.0,1.0,1.0,"Chard, raw",11000.0,338.0,Lutein + zeaxanthin,UG,3.0,3.0,453.592,0.006613873260551332,0.006613873260551332,0.6613873260551333,0.6613873260551333,6.012612055046666e-05,16631.706666666665
1636,Swiss Chard,3.0,1.0,1.0,"Chard, raw",0.04,404.0,Thiamin,MG,3.0,3.0,453.592,0.006613873260551332,0.006613873260551332,0.6613873260551333,0.6613873260551333,16.53468315137833,0.06047893333333333
1637,Swiss Chard,3.0,1.0,1.0,"Chard, raw",0.0,334.0,"Cryptoxanthin, beta",UG,3.0,3.0,453.592,0.006613873260551332,0.006613873260551332,0.6613873260551333,0.6613873260551333,inf,0.0
1638,Swiss Chard,3.0,1.0,1.0,"Chard, raw",18.0,421.0,"Choline, total",MG,3.0,3.0,453.592,0.006613873260551332,0.006613873260551332,0.6613873260551333,0.6613873260551333,0.0367437403363963,27.215519999999998
1639,Swiss Chard,3.0,1.0,1.0,"Chard, raw",0.0,610.0,SFA 10:0,G,3.0,3.0,453.592,0.006613873260551332,0.006613873260551332,0.6613873260551333,0.6613873260551333,inf,0.0
1640,Swiss Chard,3.0,1.0,1.0,"Chard, raw",830.0,430.0,Vitamin K (phylloquinone),UG,3.0,3.0,453.592,0.006613873260551332,0.006613873260551332,0.6613873260551333,0.6613873260551333,0.0007968522000664257,1254.9378666666667
1641,Swiss Chard,3.0,1.0,1.0,"Chard, raw",0.063,618.0,PUFA 18:2,G,3.0,3.0,453.592,0.006613873260551332,0.006613873260551332,0.6613873260551333,0.6613873260551333,10.498211524684654,0.09525431999999999
1642,Swiss Chard,3.0,1.0,1.0,"Chard, raw",0.03,613.0,SFA 16:0,G,3.0,3.0,453.592,0.006613873260551332,0.006613873260551332,0.6613873260551333,0.6613873260551333,22.046244201837776,0.045359199999999995
1643,Swiss Chard,3.0,1.0,1.0,"Chard, raw",0.0,418.0,Vitamin B-12,UG,3.0,3.0,453.592,0.006613873260551332,0.006613873260551332,0.6613873260551333,0.6613873260551333,inf,0.0
1644,Swiss Chard,3.0,1.0,1.0,"Chard, raw",0.0,601.0,Cholesterol,MG,3.0,3.0,453.592,0.006613873260551332,0.006613873260551332,0.6613873260551333,0.6613873260551333,inf,0.0
1645,Swiss Chard,3.0,1.0,1.0,"Chard, raw",0.03,606.0,"Fatty acids, total saturated",G,3.0,3.0,453.592,0.006613873260551332,0.006613873260551332,0.6613873260551333,0.6613873260551333,22.046244201837776,0.045359199999999995
1646,Swiss Chard,3.0,1.0,1.0,"Chard, raw",0.0,337.0,Lycopene,UG,3.0,3.0,453.592,0.006613873260551332,0.006613873260551332,0.6613873260551333,0.6613873260551333,inf,0.0
1647,Swiss Chard,3.0,1.0,1.0,"Chard, raw",14.0,432.0,"Folate, food",UG,3.0,3.0,453.592,0.006613873260551332,0.006613873260551332,0.6613873260551333,0.6613873260551333,0.04724195186108095,21.167626666666667
1648,Swiss Chard,3.0,1.0,1.0,"Chard, raw",0.0,631.0,PUFA 22:5 n-3 (DPA),G,3.0,3.0,453.592,0.006613873260551332,0.006613873260551332,0.6613873260551333,0.6613873260551333,inf,0.0
1649,Swiss Chard,3.0,1.0,1.0,"Chard, raw",0.0,614.0,SFA 18:0,G,3.0,3.0,453.592,0.006613873260551332,0.006613873260551332,0.6613873260551333,0.6613873260551333,inf,0.0
1650,Swiss Chard,3.0,1.0,1.0,"Chard, raw",0.04,645.0,"Fatty acids, total monounsaturated",G,3.0,3.0,453.592,0.006613873260551332,0.006613873260551332,0.6613873260551333,0.6613873260551333,16.53468315137833,0.06047893333333333
1651,Swiss Chard,3.0,1.0,1.0,"Chard, raw",0.09,405.0,Riboflavin,MG,3.0,3.0,453.592,0.006613873260551332,0.006613873260551332,0.6613873260551333,0.6613873260551333,7.348748067279259,0.1360776
1652,Swiss Chard,3.0,1.0,1.0,"Chard, raw",0.07,646.0,"Fatty acids, total polyunsaturated",G,3.0,3.0,453.592,0.006613873260551332,0.006613873260551332,0.6613873260551333,0.6613873260551333,9.448390372216188,0.10583813333333333
1653,Swiss Chard,3.0,1.0,1.0,"Chard, raw",0.0,607.0,SFA 4:0,G,3.0,3.0,453.592,0.006613873260551332,0.006613873260551332,0.6613873260551333,0.6613873260551333,inf,0.0
1654,Swiss Chard,3.0,1.0,1.0,"Chard, raw",0.0,431.0,Folic acid,UG,3.0,3.0,453.592,0.006613873260551332,0.006613873260551332,0.6613873260551333,0.6613873260551333,inf,0.0
1655,Swiss Chard,3.0,1.0,1.0,"Chard, raw",0.0,626.0,MUFA 16:1,G,3.0,3.0,453.592,0.006613873260551332,0.006613873260551332,0.6613873260551333,0.6613873260551333,inf,0.0
1656,Swiss Chard,3.0,1.0,1.0,"Chard, raw",0.0,627.0,PUFA 18:4,G,3.0,3.0,453.592,0.006613873260551332,0.006613873260551332,0.6613873260551333,0.6613873260551333,inf,0.0
1657,Swiss Chard,3.0,1.0,1.0,"Chard, raw",0.0,629.0,PUFA 20:5 n-3 (EPA),G,3.0,3.0,453.592,0.006613873260551332,0.006613873260551332,0.6613873260551333,0.6613873260551333,inf,0.0
1658,Swiss Chard,3.0,1.0,1.0,"Chard, raw",0.0,628.0,MUFA 20:1,G,3.0,3.0,453.592,0.006613873260551332,0.006613873260551332,0.6613873260551333,0.6613873260551333,inf,0.0
1659,Swiss Chard,3.0,1.0,1.0,"Chard, raw",14.0,435.0,"Folate, DFE",UG,3.0,3.0,453.592,0.006613873260551332,0.006613873260551332,0.6613873260551333,0.6613873260551333,0.04724195186108095,21.167626666666667
1660,Swiss Chard,3.0,1.0,1.0,"Chard, raw",14.0,417.0,"Folate, total",UG,3.0,3.0,453.592,0.006613873260551332,0.006613873260551332,0.6613873260551333,0.6613873260551333,0.04724195186108095,21.167626666666667
1661,Swiss Chard,3.0,1.0,1.0,"Chard, raw",0.0,630.0,MUFA 22:1,G,3.0,3.0,453.592,0.006613873260551332,0.006613873260551332,0.6613873260551333,0.6613873260551333,inf,0.0
1662,Swiss Chard,3.0,1.0,1.0,"Chard, raw",0.4,406.0,Niacin,MG,3.0,3.0,453.592,0.006613873260551332,0.006613873260551332,0.6613873260551333,0.6613873260551333,1.653468315137833,0.6047893333333333
1663,Swiss Chard,3.0,1.0,1.0,"Chard, raw",30.0,401.0,"Vitamin C, total ascorbic acid",MG,3.0,3.0,453.592,0.006613873260551332,0.006613873260551332,0.6613873260551333,0.6613873260551333,0.022046244201837775,45.359199999999994
1664,Swiss Chard,3.0,1.0,1.0,"Chard, raw",0.0,621.0,PUFA 22:6 n-3 (DHA),G,3.0,3.0,453.592,0.006613873260551332,0.006613873260551332,0.6613873260551333,0.6613873260551333,inf,0.0
1665,Swiss Chard,3.0,1.0,1.0,"Chard, raw",0.007,619.0,PUFA 18:3,G,3.0,3.0,453.592,0.006613873260551332,0.006613873260551332,0.6613873260551333,0.6613873260551333,94.4839037221619,0.010583813333333332
1666,Swiss Chard,3.0,1.0,1.0,"Chard, raw",0.0,620.0,PUFA 20:4,G,3.0,3.0,453.592,0.006613873260551332,0.006613873260551332,0.6613873260551333,0.6613873260551333,inf,0.0
1667,Swiss Chard,3.0,1.0,1.0,"Chard, raw",0.04,617.0,MUFA 18:1,G,3.0,3.0,453.592,0.006613873260551332,0.006613873260551332,0.6613873260551333,0.6613873260551333,16.53468315137833,0.06047893333333333
1668,Swiss Chard,3.0,1.0,1.0,"Chard, raw",0.0,578.0,"Vitamin B-12, added",UG,3.0,3.0,453.592,0.006613873260551332,0.006613873260551332,0.6613873260551333,0.6613873260551333,inf,0.0
1669,Swiss Chard,3.0,1.0,1.0,"Chard, raw",0.0,611.0,SFA 12:0,G,3.0,3.0,453.592,0.006613873260551332,0.006613873260551332,0.6613873260551333,0.6613873260551333,inf,0.0
1670,Swiss Chard,3.0,1.0,1.0,"Chard, raw",0.0,608.0,SFA 6:0,G,3.0,3.0,453.592,0.006613873260551332,0.006613873260551332,0.6613873260551333,0.6613873260551333,inf,0.0
1671,Swiss Chard,3.0,1.0,1.0,"Chard, raw",0.099,415.0,Vitamin B-6,MG,3.0,3.0,453.592,0.006613873260551332,0.006613873260551332,0.6613873260551333,0.6613873260551333,6.680680061162962,0.14968536
1672,Swiss Chard,3.0,1.0,1.0,"Chard, raw",0.0,609.0,SFA 8:0,G,3.0,3.0,453.592,0.006613873260551332,0.006613873260551332,0.6613873260551333,0.6613873260551333,inf,0.0
1673,Swiss Chard,3.0,1.0,1.0,"Chard, raw",306.0,320.0,"Vitamin A, RAE",UG,3.0,3.0,453.592,0.006613873260551332,0.006613873260551332,0.6613873260551333,0.6613873260551333,0.0021613964903762525,462.66384
1674,Swiss Chard,3.0,1.0,1.0,"Chard, raw",1.89,323.0,Vitamin E (alpha-tocopherol),MG,3.0,3.0,453.592,0.006613873260551332,0.006613873260551332,0.6613873260551333,0.6613873260551333,0.3499403841561552,2.8576295999999997
1675,Swiss Chard,3.0,1.0,1.0,"Chard, raw",46.0,305.0,"Phosphorus, P",MG,3.0,3.0,453.592,0.006613873260551332,0.006613873260551332,0.6613873260551333,0.6613873260551333,0.014377985349024637,69.55077333333332
1676,Swiss Chard,3.0,1.0,1.0,"Chard, raw",0.36,309.0,"Zinc, Zn",MG,3.0,3.0,453.592,0.006613873260551332,0.006613873260551332,0.6613873260551333,0.6613873260551333,1.8371870168198148,0.5443104
1677,Swiss Chard,3.0,1.0,1.0,"Chard, raw",3.74,205.0,"Carbohydrate, by difference",G,3.0,3.0,453.592,0.006613873260551332,0.006613873260551332,0.6613873260551333,0.6613873260551333,0.1768415310307843,5.654780266666667
1678,Swiss Chard,3.0,1.0,1.0,"Chard, raw",1.8,203.0,Protein,G,3.0,3.0,453.592,0.006613873260551332,0.006613873260551332,0.6613873260551333,0.6613873260551333,0.3674374033639629,2.721552
1679,Swiss Chard,3.0,1.0,1.0,"Chard, raw",1.6,291.0,"Fiber, total dietary",G,3.0,3.0,453.592,0.006613873260551332,0.006613873260551332,0.6613873260551333,0.6613873260551333,0.4133670787844583,2.419157333333333
1680,Swiss Chard,3.0,1.0,1.0,"Chard, raw",0.0,319.0,Retinol,UG,3.0,3.0,453.592,0.006613873260551332,0.006613873260551332,0.6613873260551333,0.6613873260551333,inf,0.0
1681,Swiss Chard,3.0,1.0,1.0,"Chard, raw",1.8,303.0,"Iron, Fe",MG,3.0,3.0,453.592,0.006613873260551332,0.006613873260551332,0.6613873260551333,0.6613873260551333,0.3674374033639629,2.721552
1682,Swiss Chard,3.0,1.0,1.0,"Chard, raw",0.9,317.0,"Selenium, Se",UG,3.0,3.0,453.592,0.006613873260551332,0.006613873260551332,0.6613873260551333,0.6613873260551333,0.7348748067279258,1.360776
1683,Swiss Chard,3.0,1.0,1.0,"Chard, raw",0.2,204.0,Total lipid (fat),G,3.0,3.0,453.592,0.006613873260551332,0.006613873260551332,0.6613873260551333,0.6613873260551333,3.306936630275666,0.30239466666666664
1684,Swiss Chard,3.0,1.0,1.0,"Chard, raw",0.0,221.0,"Alcohol, ethyl",G,3.0,3.0,453.592,0.006613873260551332,0.006613873260551332,0.6613873260551333,0.6613873260551333,inf,0.0
1685,Swiss Chard,3.0,1.0,1.0,"Chard, raw",81.0,304.0,"Magnesium, Mg",MG,3.0,3.0,453.592,0.006613873260551332,0.006613873260551332,0.6613873260551333,0.6613873260551333,0.008165275630310288,122.46983999999999
1686,Swiss Chard,3.0,1.0,1.0,"Chard, raw",213.0,307.0,"Sodium, Na",MG,3.0,3.0,453.592,0.006613873260551332,0.006613873260551332,0.6613873260551333,0.6613873260551333,0.00310510481716025,322.05032
1687,Swiss Chard,3.0,1.0,1.0,"Chard, raw",3647.0,321.0,"Carotene, beta",UG,3.0,3.0,453.592,0.006613873260551332,0.006613873260551332,0.6613873260551333,0.6613873260551333,0.00018135106280645278,5514.166746666667
1688,Swiss Chard,3.0,1.0,1.0,"Chard, raw",1.1,269.0,"Sugars, Total",G,3.0,3.0,453.592,0.006613873260551332,0.006613873260551332,0.6613873260551333,0.6613873260551333,0.6012612055046666,1.6631706666666668
1689,Swiss Chard,3.0,1.0,1.0,"Chard, raw",0.0,328.0,Vitamin D (D2 + D3),UG,3.0,3.0,453.592,0.006613873260551332,0.006613873260551332,0.6613873260551333,0.6613873260551333,inf,0.0
1690,Swiss Chard,3.0,1.0,1.0,"Chard, raw",379.0,306.0,"Potassium, K",MG,3.0,3.0,453.592,0.006613873260551332,0.006613873260551332,0.6613873260551333,0.6613873260551333,0.00174508529302146,573.0378933333333
1691,Swiss Chard,3.0,1.0,1.0,"Chard, raw",0.0,263.0,Theobromine,MG,3.0,3.0,453.592,0.006613873260551332,0.006613873260551332,0.6613873260551333,0.6613873260551333,inf,0.0
1692,Swiss Chard,3.0,1.0,1.0,"Chard, raw",0.0,262.0,Caffeine,MG,3.0,3.0,453.592,0.006613873260551332,0.006613873260551332,0.6613873260551333,0.6613873260551333,inf,0.0
1693,Swiss Chard,3.0,1.0,1.0,"Chard, raw",92.66,255.0,Water,G,3.0,3.0,453.592,0.006613873260551332,0.006613873260551332,0.6613873260551333,0.6613873260551333,0.00713778681259587,140.09944906666666
1694,Swiss Chard,3.0,1.0,1.0,"Chard, raw",19.0,208.0,Energy,KCAL,3.0,3.0,453.592,0.006613873260551332,0.006613873260551332,0.6613873260551333,0.6613873260551333,0.034809859266059645,28.72749333333333
1695,Swiss Chard,3.0,1.0,1.0,"Chard, raw",45.0,322.0,"Carotene, alpha",UG,3.0,3.0,453.592,0.006613873260551332,0.006613873260551332,0.6613873260551333,0.6613873260551333,0.014697496134558518,68.0388
1696,Swiss Chard,3.0,1.0,1.0,"Chard, raw",51.0,301.0,"Calcium, Ca",MG,3.0,3.0,453.592,0.006613873260551332,0.006613873260551332,0.6613873260551333,0.6613873260551333,0.012968378942257516,77.11063999999999
1697,Swiss Chard,3.0,1.0,1.0,"Chard, raw",0.179,312.0,"Copper, Cu",MG,3.0,3.0,453.592,0.006613873260551332,0.006613873260551332,0.6613873260551333,0.6613873260551333,3.6949012628778397,0.2706432266666666
1698,Bok Choy,1.5,1.0,1.0,"Cabbage, Chinese, raw",65.0,307.0,"Sodium, Na",MG,1.5,1.5,453.592,0.003306936630275666,0.003306936630275666,0.33069366302756664,0.33069366302756664,0.005087594815808717,196.55653333333333
1699,Bok Choy,1.5,1.0,1.0,"Cabbage, Chinese, raw",0.015,617.0,MUFA 18:1,G,1.5,1.5,453.592,0.003306936630275666,0.003306936630275666,0.33069366302756664,0.33069366302756664,22.046244201837776,0.045359199999999995
1700,Bok Choy,1.5,1.0,1.0,"Cabbage, Chinese, raw",0.0,608.0,SFA 6:0,G,1.5,1.5,453.592,0.003306936630275666,0.003306936630275666,0.33069366302756664,0.33069366302756664,inf,0.0
1701,Bok Choy,1.5,1.0,1.0,"Cabbage, Chinese, raw",66.0,432.0,"Folate, food",UG,1.5,1.5,453.592,0.003306936630275666,0.003306936630275666,0.33069366302756664,0.33069366302756664,0.005010510045872222,199.58048
1702,Bok Choy,1.5,1.0,1.0,"Cabbage, Chinese, raw",45.0,401.0,"Vitamin C, total ascorbic acid",MG,1.5,1.5,453.592,0.003306936630275666,0.003306936630275666,0.33069366302756664,0.33069366302756664,0.007348748067279259,136.0776
1703,Bok Choy,1.5,1.0,1.0,"Cabbage, Chinese, raw",0.0,609.0,SFA 8:0,G,1.5,1.5,453.592,0.003306936630275666,0.003306936630275666,0.33069366302756664,0.33069366302756664,inf,0.0
1704,Bok Choy,1.5,1.0,1.0,"Cabbage, Chinese, raw",0.0,262.0,Caffeine,MG,1.5,1.5,453.592,0.003306936630275666,0.003306936630275666,0.33069366302756664,0.33069366302756664,inf,0.0
1705,Bok Choy,1.5,1.0,1.0,"Cabbage, Chinese, raw",0.194,415.0,Vitamin B-6,MG,1.5,1.5,453.592,0.003306936630275666,0.003306936630275666,0.33069366302756664,0.33069366302756664,1.7046065104513743,0.5866456533333333
1706,Bok Choy,1.5,1.0,1.0,"Cabbage, Chinese, raw",0.0,620.0,PUFA 20:4,G,1.5,1.5,453.592,0.003306936630275666,0.003306936630275666,0.33069366302756664,0.33069366302756664,inf,0.0
1707,Bok Choy,1.5,1.0,1.0,"Cabbage, Chinese, raw",0.07,405.0,Riboflavin,MG,1.5,1.5,453.592,0.003306936630275666,0.003306936630275666,0.33069366302756664,0.33069366302756664,4.724195186108094,0.21167626666666667
1708,Bok Choy,1.5,1.0,1.0,"Cabbage, Chinese, raw",0.2,204.0,Total lipid (fat),G,1.5,1.5,453.592,0.003306936630275666,0.003306936630275666,0.33069366302756664,0.33069366302756664,1.653468315137833,0.6047893333333333
1709,Bok Choy,1.5,1.0,1.0,"Cabbage, Chinese, raw",0.001,614.0,SFA 18:0,G,1.5,1.5,453.592,0.003306936630275666,0.003306936630275666,0.33069366302756664,0.33069366302756664,330.69366302756663,0.0030239466666666668
1710,Bok Choy,1.5,1.0,1.0,"Cabbage, Chinese, raw",0.0,601.0,Cholesterol,MG,1.5,1.5,453.592,0.003306936630275666,0.003306936630275666,0.33069366302756664,0.33069366302756664,inf,0.0
1711,Bok Choy,1.5,1.0,1.0,"Cabbage, Chinese, raw",1.0,291.0,"Fiber, total dietary",G,1.5,1.5,453.592,0.003306936630275666,0.003306936630275666,0.33069366302756664,0.33069366302756664,0.33069366302756664,3.0239466666666663
1712,Bok Choy,1.5,1.0,1.0,"Cabbage, Chinese, raw",0.0,418.0,Vitamin B-12,UG,1.5,1.5,453.592,0.003306936630275666,0.003306936630275666,0.33069366302756664,0.33069366302756664,inf,0.0
1713,Bok Choy,1.5,1.0,1.0,"Cabbage, Chinese, raw",45.5,430.0,Vitamin K (phylloquinone),UG,1.5,1.5,453.592,0.003306936630275666,0.003306936630275666,0.33069366302756664,0.33069366302756664,0.007267992594012454,137.58957333333333
1714,Bok Choy,1.5,1.0,1.0,"Cabbage, Chinese, raw",0.0,607.0,SFA 4:0,G,1.5,1.5,453.592,0.003306936630275666,0.003306936630275666,0.33069366302756664,0.33069366302756664,inf,0.0
1715,Bok Choy,1.5,1.0,1.0,"Cabbage, Chinese, raw",0.0,573.0,"Vitamin E, added",MG,1.5,1.5,453.592,0.003306936630275666,0.003306936630275666,0.33069366302756664,0.33069366302756664,inf,0.0
1716,Bok Choy,1.5,1.0,1.0,"Cabbage, Chinese, raw",0.0,629.0,PUFA 20:5 n-3 (EPA),G,1.5,1.5,453.592,0.003306936630275666,0.003306936630275666,0.33069366302756664,0.33069366302756664,inf,0.0
1717,Bok Choy,1.5,1.0,1.0,"Cabbage, Chinese, raw",0.001,612.0,SFA 14:0,G,1.5,1.5,453.592,0.003306936630275666,0.003306936630275666,0.33069366302756664,0.33069366302756664,330.69366302756663,0.0030239466666666668
1718,Bok Choy,1.5,1.0,1.0,"Cabbage, Chinese, raw",252.0,306.0,"Potassium, K",MG,1.5,1.5,453.592,0.003306936630275666,0.003306936630275666,0.33069366302756664,0.33069366302756664,0.001312276440585582,762.0345599999999
1719,Bok Choy,1.5,1.0,1.0,"Cabbage, Chinese, raw",1.5,203.0,Protein,G,1.5,1.5,453.592,0.003306936630275666,0.003306936630275666,0.33069366302756664,0.33069366302756664,0.22046244201837775,4.53592
1720,Bok Choy,1.5,1.0,1.0,"Cabbage, Chinese, raw",13.0,208.0,Energy,KCAL,1.5,1.5,453.592,0.003306936630275666,0.003306936630275666,0.33069366302756664,0.33069366302756664,0.025437974079043586,39.31130666666667
1721,Bok Choy,1.5,1.0,1.0,"Cabbage, Chinese, raw",0.0,630.0,MUFA 22:1,G,1.5,1.5,453.592,0.003306936630275666,0.003306936630275666,0.33069366302756664,0.33069366302756664,inf,0.0
1722,Bok Choy,1.5,1.0,1.0,"Cabbage, Chinese, raw",0.042,618.0,PUFA 18:2,G,1.5,1.5,453.592,0.003306936630275666,0.003306936630275666,0.33069366302756664,0.33069366302756664,7.873658643513491,0.12700576
1723,Bok Choy,1.5,1.0,1.0,"Cabbage, Chinese, raw",0.0,431.0,Folic acid,UG,1.5,1.5,453.592,0.003306936630275666,0.003306936630275666,0.33069366302756664,0.33069366302756664,inf,0.0
1724,Bok Choy,1.5,1.0,1.0,"Cabbage, Chinese, raw",0.0,631.0,PUFA 22:5 n-3 (DPA),G,1.5,1.5,453.592,0.003306936630275666,0.003306936630275666,0.33069366302756664,0.33069366302756664,inf,0.0
1725,Bok Choy,1.5,1.0,1.0,"Cabbage, Chinese, raw",19.0,304.0,"Magnesium, Mg",MG,1.5,1.5,453.592,0.003306936630275666,0.003306936630275666,0.33069366302756664,0.33069366302756664,0.017404929633029823,57.45498666666666
1726,Bok Choy,1.5,1.0,1.0,"Cabbage, Chinese, raw",105.0,301.0,"Calcium, Ca",MG,1.5,1.5,453.592,0.003306936630275666,0.003306936630275666,0.33069366302756664,0.33069366302756664,0.0031494634574053965,317.51439999999997
1727,Bok Choy,1.5,1.0,1.0,"Cabbage, Chinese, raw",0.096,646.0,"Fatty acids, total polyunsaturated",G,1.5,1.5,453.592,0.003306936630275666,0.003306936630275666,0.33069366302756664,0.33069366302756664,3.4447256565371522,0.29029888
1728,Bok Choy,1.5,1.0,1.0,"Cabbage, Chinese, raw",0.027,606.0,"Fatty acids, total saturated",G,1.5,1.5,453.592,0.003306936630275666,0.003306936630275666,0.33069366302756664,0.33069366302756664,12.247913445465432,0.08164655999999999
1729,Bok Choy,1.5,1.0,1.0,"Cabbage, Chinese, raw",0.015,645.0,"Fatty acids, total monounsaturated",G,1.5,1.5,453.592,0.003306936630275666,0.003306936630275666,0.33069366302756664,0.33069366302756664,22.046244201837776,0.045359199999999995
1730,Bok Choy,1.5,1.0,1.0,"Cabbage, Chinese, raw",0.0,328.0,Vitamin D (D2 + D3),UG,1.5,1.5,453.592,0.003306936630275666,0.003306936630275666,0.33069366302756664,0.33069366302756664,inf,0.0
1731,Bok Choy,1.5,1.0,1.0,"Cabbage, Chinese, raw",6.4,421.0,"Choline, total",MG,1.5,1.5,453.592,0.003306936630275666,0.003306936630275666,0.33069366302756664,0.33069366302756664,0.051670884848057284,19.353258666666665
1732,Bok Choy,1.5,1.0,1.0,"Cabbage, Chinese, raw",0.5,406.0,Niacin,MG,1.5,1.5,453.592,0.003306936630275666,0.003306936630275666,0.33069366302756664,0.33069366302756664,0.6613873260551333,1.5119733333333332
1733,Bok Choy,1.5,1.0,1.0,"Cabbage, Chinese, raw",40.0,338.0,Lutein + zeaxanthin,UG,1.5,1.5,453.592,0.003306936630275666,0.003306936630275666,0.33069366302756664,0.33069366302756664,0.008267341575689166,120.95786666666666
1734,Bok Choy,1.5,1.0,1.0,"Cabbage, Chinese, raw",0.0,319.0,Retinol,UG,1.5,1.5,453.592,0.003306936630275666,0.003306936630275666,0.33069366302756664,0.33069366302756664,inf,0.0
1735,Bok Choy,1.5,1.0,1.0,"Cabbage, Chinese, raw",0.0,221.0,"Alcohol, ethyl",G,1.5,1.5,453.592,0.003306936630275666,0.003306936630275666,0.33069366302756664,0.33069366302756664,inf,0.0
1736,Bok Choy,1.5,1.0,1.0,"Cabbage, Chinese, raw",1.0,322.0,"Carotene, alpha",UG,1.5,1.5,453.592,0.003306936630275666,0.003306936630275666,0.33069366302756664,0.33069366302756664,0.33069366302756664,3.0239466666666663
1737,Bok Choy,1.5,1.0,1.0,"Cabbage, Chinese, raw",0.0,337.0,Lycopene,UG,1.5,1.5,453.592,0.003306936630275666,0.003306936630275666,0.33069366302756664,0.33069366302756664,inf,0.0
1738,Bok Choy,1.5,1.0,1.0,"Cabbage, Chinese, raw",0.5,317.0,"Selenium, Se",UG,1.5,1.5,453.592,0.003306936630275666,0.003306936630275666,0.33069366302756664,0.33069366302756664,0.6613873260551333,1.5119733333333332
1739,Bok Choy,1.5,1.0,1.0,"Cabbage, Chinese, raw",0.04,404.0,Thiamin,MG,1.5,1.5,453.592,0.003306936630275666,0.003306936630275666,0.33069366302756664,0.33069366302756664,8.267341575689166,0.12095786666666666
1740,Bok Choy,1.5,1.0,1.0,"Cabbage, Chinese, raw",2681.0,321.0,"Carotene, beta",UG,1.5,1.5,453.592,0.003306936630275666,0.003306936630275666,0.33069366302756664,0.33069366302756664,0.000123347132796556,8107.201013333333
1741,Bok Choy,1.5,1.0,1.0,"Cabbage, Chinese, raw",37.0,305.0,"Phosphorus, P",MG,1.5,1.5,453.592,0.003306936630275666,0.003306936630275666,0.33069366302756664,0.33069366302756664,0.008937666568312613,111.88602666666667
1742,Bok Choy,1.5,1.0,1.0,"Cabbage, Chinese, raw",0.055,619.0,PUFA 18:3,G,1.5,1.5,453.592,0.003306936630275666,0.003306936630275666,0.33069366302756664,0.33069366302756664,6.012612055046667,0.16631706666666665
1743,Bok Choy,1.5,1.0,1.0,"Cabbage, Chinese, raw",0.0,621.0,PUFA 22:6 n-3 (DHA),G,1.5,1.5,453.592,0.003306936630275666,0.003306936630275666,0.33069366302756664,0.33069366302756664,inf,0.0
1744,Bok Choy,1.5,1.0,1.0,"Cabbage, Chinese, raw",2.18,205.0,"Carbohydrate, by difference",G,1.5,1.5,453.592,0.003306936630275666,0.003306936630275666,0.33069366302756664,0.33069366302756664,0.1516943408383333,6.592203733333333
1745,Bok Choy,1.5,1.0,1.0,"Cabbage, Chinese, raw",66.0,435.0,"Folate, DFE",UG,1.5,1.5,453.592,0.003306936630275666,0.003306936630275666,0.33069366302756664,0.33069366302756664,0.005010510045872222,199.58048
1746,Bok Choy,1.5,1.0,1.0,"Cabbage, Chinese, raw",0.0,334.0,"Cryptoxanthin, beta",UG,1.5,1.5,453.592,0.003306936630275666,0.003306936630275666,0.33069366302756664,0.33069366302756664,inf,0.0
1747,Bok Choy,1.5,1.0,1.0,"Cabbage, Chinese, raw",0.0,263.0,Theobromine,MG,1.5,1.5,453.592,0.003306936630275666,0.003306936630275666,0.33069366302756664,0.33069366302756664,inf,0.0
1748,Bok Choy,1.5,1.0,1.0,"Cabbage, Chinese, raw",0.8,303.0,"Iron, Fe",MG,1.5,1.5,453.592,0.003306936630275666,0.003306936630275666,0.33069366302756664,0.33069366302756664,0.4133670787844583,2.419157333333333
1749,Bok Choy,1.5,1.0,1.0,"Cabbage, Chinese, raw",0.0,628.0,MUFA 20:1,G,1.5,1.5,453.592,0.003306936630275666,0.003306936630275666,0.33069366302756664,0.33069366302756664,inf,0.0
1750,Bok Choy,1.5,1.0,1.0,"Cabbage, Chinese, raw",0.09,323.0,Vitamin E (alpha-tocopherol),MG,1.5,1.5,453.592,0.003306936630275666,0.003306936630275666,0.33069366302756664,0.33069366302756664,3.6743740336396296,0.2721552
1751,Bok Choy,1.5,1.0,1.0,"Cabbage, Chinese, raw",0.0,626.0,MUFA 16:1,G,1.5,1.5,453.592,0.003306936630275666,0.003306936630275666,0.33069366302756664,0.33069366302756664,inf,0.0
1752,Bok Choy,1.5,1.0,1.0,"Cabbage, Chinese, raw",66.0,417.0,"Folate, total",UG,1.5,1.5,453.592,0.003306936630275666,0.003306936630275666,0.33069366302756664,0.33069366302756664,0.005010510045872222,199.58048
1753,Bok Choy,1.5,1.0,1.0,"Cabbage, Chinese, raw",0.0,610.0,SFA 10:0,G,1.5,1.5,453.592,0.003306936630275666,0.003306936630275666,0.33069366302756664,0.33069366302756664,inf,0.0
1754,Bok Choy,1.5,1.0,1.0,"Cabbage, Chinese, raw",0.19,309.0,"Zinc, Zn",MG,1.5,1.5,453.592,0.003306936630275666,0.003306936630275666,0.33069366302756664,0.33069366302756664,1.7404929633029822,0.5745498666666666
1755,Bok Choy,1.5,1.0,1.0,"Cabbage, Chinese, raw",223.0,320.0,"Vitamin A, RAE",UG,1.5,1.5,453.592,0.003306936630275666,0.003306936630275666,0.33069366302756664,0.33069366302756664,0.001482931224338864,674.3401066666667
1756,Bok Choy,1.5,1.0,1.0,"Cabbage, Chinese, raw",0.024,613.0,SFA 16:0,G,1.5,1.5,453.592,0.003306936630275666,0.003306936630275666,0.33069366302756664,0.33069366302756664,13.778902626148609,0.07257472
1757,Bok Choy,1.5,1.0,1.0,"Cabbage, Chinese, raw",95.32,255.0,Water,G,1.5,1.5,453.592,0.003306936630275666,0.003306936630275666,0.33069366302756664,0.33069366302756664,0.0034692998639064905,288.2425962666666
1758,Bok Choy,1.5,1.0,1.0,"Cabbage, Chinese, raw",0.0,627.0,PUFA 18:4,G,1.5,1.5,453.592,0.003306936630275666,0.003306936630275666,0.33069366302756664,0.33069366302756664,inf,0.0
1759,Bok Choy,1.5,1.0,1.0,"Cabbage, Chinese, raw",0.001,611.0,SFA 12:0,G,1.5,1.5,453.592,0.003306936630275666,0.003306936630275666,0.33069366302756664,0.33069366302756664,330.69366302756663,0.0030239466666666668
1760,Bok Choy,1.5,1.0,1.0,"Cabbage, Chinese, raw",0.0,578.0,"Vitamin B-12, added",UG,1.5,1.5,453.592,0.003306936630275666,0.003306936630275666,0.33069366302756664,0.33069366302756664,inf,0.0
1761,Bok Choy,1.5,1.0,1.0,"Cabbage, Chinese, raw",0.021,312.0,"Copper, Cu",MG,1.5,1.5,453.592,0.003306936630275666,0.003306936630275666,0.33069366302756664,0.33069366302756664,15.747317287026982,0.06350288
1762,Bok Choy,1.5,1.0,1.0,"Cabbage, Chinese, raw",1.18,269.0,"Sugars, Total",G,1.5,1.5,453.592,0.003306936630275666,0.003306936630275666,0.33069366302756664,0.33069366302756664,0.2802488669725141,3.5682570666666664
1763,Brussels Sprouts,1.55,0.75,1.0,"Brussels sprouts, raw",0.0,601.0,Cholesterol,MG,2.066666666666667,2.066666666666667,340.19399999999996,0.004556223801713141,0.004556223801713141,0.4556223801713141,0.4556223801713141,inf,0.0
1764,Brussels Sprouts,1.55,0.75,1.0,"Brussels sprouts, raw",0.0,328.0,Vitamin D (D2 + D3),UG,2.066666666666667,2.066666666666667,340.19399999999996,0.004556223801713141,0.004556223801713141,0.4556223801713141,0.4556223801713141,inf,0.0
1765,Brussels Sprouts,1.55,0.75,1.0,"Brussels sprouts, raw",0.019,617.0,MUFA 18:1,G,2.066666666666667,2.066666666666667,340.19399999999996,0.004556223801713141,0.004556223801713141,0.4556223801713141,0.4556223801713141,23.98012527217443,0.04170119999999999
1766,Brussels Sprouts,1.55,0.75,1.0,"Brussels sprouts, raw",450.0,321.0,"Carotene, beta",UG,2.066666666666667,2.066666666666667,340.19399999999996,0.004556223801713141,0.004556223801713141,0.4556223801713141,0.4556223801713141,0.0010124941781584759,987.6599999999997
1767,Brussels Sprouts,1.55,0.75,1.0,"Brussels sprouts, raw",0.88,323.0,Vitamin E (alpha-tocopherol),MG,2.066666666666667,2.066666666666667,340.19399999999996,0.004556223801713141,0.004556223801713141,0.4556223801713141,0.4556223801713141,0.5177527047401297,1.9314239999999996
1768,Brussels Sprouts,1.55,0.75,1.0,"Brussels sprouts, raw",23.0,304.0,"Magnesium, Mg",MG,2.066666666666667,2.066666666666667,340.19399999999996,0.004556223801713141,0.004556223801713141,0.4556223801713141,0.4556223801713141,0.019809668703100615,50.48039999999999
1769,Brussels Sprouts,1.55,0.75,1.0,"Brussels sprouts, raw",0.062,606.0,"Fatty acids, total saturated",G,2.066666666666667,2.066666666666667,340.19399999999996,0.004556223801713141,0.004556223801713141,0.4556223801713141,0.4556223801713141,7.34874806727926,0.13607759999999997
1770,Brussels Sprouts,1.55,0.75,1.0,"Brussels sprouts, raw",2.2,269.0,"Sugars, Total",G,2.066666666666667,2.066666666666667,340.19399999999996,0.004556223801713141,0.004556223801713141,0.4556223801713141,0.4556223801713141,0.20710108189605186,4.8285599999999995
1771,Brussels Sprouts,1.55,0.75,1.0,"Brussels sprouts, raw",0.0,263.0,Theobromine,MG,2.066666666666667,2.066666666666667,340.19399999999996,0.004556223801713141,0.004556223801713141,0.4556223801713141,0.4556223801713141,inf,0.0
1772,Brussels Sprouts,1.55,0.75,1.0,"Brussels sprouts, raw",0.023,645.0,"Fatty acids, total monounsaturated",G,2.066666666666667,2.066666666666667,340.19399999999996,0.004556223801713141,0.004556223801713141,0.4556223801713141,0.4556223801713141,19.809668703100613,0.05048039999999999
1773,Brussels Sprouts,1.55,0.75,1.0,"Brussels sprouts, raw",0.745,406.0,Niacin,MG,2.066666666666667,2.066666666666667,340.19399999999996,0.004556223801713141,0.004556223801713141,0.4556223801713141,0.4556223801713141,0.611573664659482,1.6351259999999996
1774,Brussels Sprouts,1.55,0.75,1.0,"Brussels sprouts, raw",0.045,618.0,PUFA 18:2,G,2.066666666666667,2.066666666666667,340.19399999999996,0.004556223801713141,0.004556223801713141,0.4556223801713141,0.4556223801713141,10.12494178158476,0.09876599999999998
1775,Brussels Sprouts,1.55,0.75,1.0,"Brussels sprouts, raw",0.0,611.0,SFA 12:0,G,2.066666666666667,2.066666666666667,340.19399999999996,0.004556223801713141,0.004556223801713141,0.4556223801713141,0.4556223801713141,inf,0.0
1776,Brussels Sprouts,1.55,0.75,1.0,"Brussels sprouts, raw",0.053,613.0,SFA 16:0,G,2.066666666666667,2.066666666666667,340.19399999999996,0.004556223801713141,0.004556223801713141,0.4556223801713141,0.4556223801713141,8.596648682477625,0.11632439999999997
1777,Brussels Sprouts,1.55,0.75,1.0,"Brussels sprouts, raw",1590.0,338.0,Lutein + zeaxanthin,UG,2.066666666666667,2.066666666666667,340.19399999999996,0.004556223801713141,0.004556223801713141,0.4556223801713141,0.4556223801713141,0.0002865549560825875,3489.731999999999
1778,Brussels Sprouts,1.55,0.75,1.0,"Brussels sprouts, raw",0.0,334.0,"Cryptoxanthin, beta",UG,2.066666666666667,2.066666666666667,340.19399999999996,0.004556223801713141,0.004556223801713141,0.4556223801713141,0.4556223801713141,inf,0.0
1779,Brussels Sprouts,1.55,0.75,1.0,"Brussels sprouts, raw",38.0,320.0,"Vitamin A, RAE",UG,2.066666666666667,2.066666666666667,340.19399999999996,0.004556223801713141,0.004556223801713141,0.4556223801713141,0.4556223801713141,0.011990062636087213,83.40239999999999
1780,Brussels Sprouts,1.55,0.75,1.0,"Brussels sprouts, raw",42.0,301.0,"Calcium, Ca",MG,2.066666666666667,2.066666666666667,340.19399999999996,0.004556223801713141,0.004556223801713141,0.4556223801713141,0.4556223801713141,0.010848151908840812,92.18159999999997
1781,Brussels Sprouts,1.55,0.75,1.0,"Brussels sprouts, raw",61.0,435.0,"Folate, DFE",UG,2.066666666666667,2.066666666666667,340.19399999999996,0.004556223801713141,0.004556223801713141,0.4556223801713141,0.4556223801713141,0.007469219347070724,133.88279999999997
1782,Brussels Sprouts,1.55,0.75,1.0,"Brussels sprouts, raw",0.0,612.0,SFA 14:0,G,2.066666666666667,2.066666666666667,340.19399999999996,0.004556223801713141,0.004556223801713141,0.4556223801713141,0.4556223801713141,inf,0.0
1783,Brussels Sprouts,1.55,0.75,1.0,"Brussels sprouts, raw",0.42,309.0,"Zinc, Zn",MG,2.066666666666667,2.066666666666667,340.19399999999996,0.004556223801713141,0.004556223801713141,0.4556223801713141,0.4556223801713141,1.0848151908840813,0.9218159999999997
1784,Brussels Sprouts,1.55,0.75,1.0,"Brussels sprouts, raw",0.0,337.0,Lycopene,UG,2.066666666666667,2.066666666666667,340.19399999999996,0.004556223801713141,0.004556223801713141,0.4556223801713141,0.4556223801713141,inf,0.0
1785,Brussels Sprouts,1.55,0.75,1.0,"Brussels sprouts, raw",0.0,627.0,PUFA 18:4,G,2.066666666666667,2.066666666666667,340.19399999999996,0.004556223801713141,0.004556223801713141,0.4556223801713141,0.4556223801713141,inf,0.0
1786,Brussels Sprouts,1.55,0.75,1.0,"Brussels sprouts, raw",0.002,626.0,MUFA 16:1,G,2.066666666666667,2.066666666666667,340.19399999999996,0.004556223801713141,0.004556223801713141,0.4556223801713141,0.4556223801713141,227.81119008565705,0.004389599999999999
1787,Brussels Sprouts,1.55,0.75,1.0,"Brussels sprouts, raw",389.0,306.0,"Potassium, K",MG,2.066666666666667,2.066666666666667,340.19399999999996,0.004556223801713141,0.004556223801713141,0.4556223801713141,0.4556223801713141,0.001171265758795152,853.7771999999998
1788,Brussels Sprouts,1.55,0.75,1.0,"Brussels sprouts, raw",0.0,630.0,MUFA 22:1,G,2.066666666666667,2.066666666666667,340.19399999999996,0.004556223801713141,0.004556223801713141,0.4556223801713141,0.4556223801713141,inf,0.0
1789,Brussels Sprouts,1.55,0.75,1.0,"Brussels sprouts, raw",19.1,421.0,"Choline, total",MG,2.066666666666667,2.066666666666667,340.19399999999996,0.004556223801713141,0.004556223801713141,0.4556223801713141,0.4556223801713141,0.023854574878079272,41.92067999999999
1790,Brussels Sprouts,1.55,0.75,1.0,"Brussels sprouts, raw",0.002,609.0,SFA 8:0,G,2.066666666666667,2.066666666666667,340.19399999999996,0.004556223801713141,0.004556223801713141,0.4556223801713141,0.4556223801713141,227.81119008565705,0.004389599999999999
1791,Brussels Sprouts,1.55,0.75,1.0,"Brussels sprouts, raw",0.09,405.0,Riboflavin,MG,2.066666666666667,2.066666666666667,340.19399999999996,0.004556223801713141,0.004556223801713141,0.4556223801713141,0.4556223801713141,5.06247089079238,0.19753199999999996
1792,Brussels Sprouts,1.55,0.75,1.0,"Brussels sprouts, raw",0.3,204.0,Total lipid (fat),G,2.066666666666667,2.066666666666667,340.19399999999996,0.004556223801713141,0.004556223801713141,0.4556223801713141,0.4556223801713141,1.5187412672377139,0.6584399999999998
1793,Brussels Sprouts,1.55,0.75,1.0,"Brussels sprouts, raw",0.0,628.0,MUFA 20:1,G,2.066666666666667,2.066666666666667,340.19399999999996,0.004556223801713141,0.004556223801713141,0.4556223801713141,0.4556223801713141,inf,0.0
1794,Brussels Sprouts,1.55,0.75,1.0,"Brussels sprouts, raw",0.099,619.0,PUFA 18:3,G,2.066666666666667,2.066666666666667,340.19399999999996,0.004556223801713141,0.004556223801713141,0.4556223801713141,0.4556223801713141,4.602246264356708,0.21728519999999996
1795,Brussels Sprouts,1.55,0.75,1.0,"Brussels sprouts, raw",0.0,431.0,Folic acid,UG,2.066666666666667,2.066666666666667,340.19399999999996,0.004556223801713141,0.004556223801713141,0.4556223801713141,0.4556223801713141,inf,0.0
1796,Brussels Sprouts,1.55,0.75,1.0,"Brussels sprouts, raw",0.0,621.0,PUFA 22:6 n-3 (DHA),G,2.066666666666667,2.066666666666667,340.19399999999996,0.004556223801713141,0.004556223801713141,0.4556223801713141,0.4556223801713141,inf,0.0
1797,Brussels Sprouts,1.55,0.75,1.0,"Brussels sprouts, raw",1.6,317.0,"Selenium, Se",UG,2.066666666666667,2.066666666666667,340.19399999999996,0.004556223801713141,0.004556223801713141,0.4556223801713141,0.4556223801713141,0.28476398760707133,3.5116799999999992
1798,Brussels Sprouts,1.55,0.75,1.0,"Brussels sprouts, raw",3.38,203.0,Protein,G,2.066666666666667,2.066666666666667,340.19399999999996,0.004556223801713141,0.004556223801713141,0.4556223801713141,0.4556223801713141,0.13479952076074384,7.418423999999998
1799,Brussels Sprouts,1.55,0.75,1.0,"Brussels sprouts, raw",0.0,629.0,PUFA 20:5 n-3 (EPA),G,2.066666666666667,2.066666666666667,340.19399999999996,0.004556223801713141,0.004556223801713141,0.4556223801713141,0.4556223801713141,inf,0.0
1800,Brussels Sprouts,1.55,0.75,1.0,"Brussels sprouts, raw",0.0,610.0,SFA 10:0,G,2.066666666666667,2.066666666666667,340.19399999999996,0.004556223801713141,0.004556223801713141,0.4556223801713141,0.4556223801713141,inf,0.0
1801,Brussels Sprouts,1.55,0.75,1.0,"Brussels sprouts, raw",43.0,208.0,Energy,KCAL,2.066666666666667,2.066666666666667,340.19399999999996,0.004556223801713141,0.004556223801713141,0.4556223801713141,0.4556223801713141,0.010595869306309631,94.37639999999998
1802,Brussels Sprouts,1.55,0.75,1.0,"Brussels sprouts, raw",0.0,573.0,"Vitamin E, added",MG,2.066666666666667,2.066666666666667,340.19399999999996,0.004556223801713141,0.004556223801713141,0.4556223801713141,0.4556223801713141,inf,0.0
1803,Brussels Sprouts,1.55,0.75,1.0,"Brussels sprouts, raw",0.153,646.0,"Fatty acids, total polyunsaturated",G,2.066666666666667,2.066666666666667,340.19399999999996,0.004556223801713141,0.004556223801713141,0.4556223801713141,0.4556223801713141,2.977924053407282,0.3358043999999999
1804,Brussels Sprouts,1.55,0.75,1.0,"Brussels sprouts, raw",3.8,291.0,"Fiber, total dietary",G,2.066666666666667,2.066666666666667,340.19399999999996,0.004556223801713141,0.004556223801713141,0.4556223801713141,0.4556223801713141,0.11990062636087215,8.340239999999998
1805,Brussels Sprouts,1.55,0.75,1.0,"Brussels sprouts, raw",69.0,305.0,"Phosphorus, P",MG,2.066666666666667,2.066666666666667,340.19399999999996,0.004556223801713141,0.004556223801713141,0.4556223801713141,0.4556223801713141,0.006603222901033538,151.44119999999995
1806,Brussels Sprouts,1.55,0.75,1.0,"Brussels sprouts, raw",0.0,608.0,SFA 6:0,G,2.066666666666667,2.066666666666667,340.19399999999996,0.004556223801713141,0.004556223801713141,0.4556223801713141,0.4556223801713141,inf,0.0
1807,Brussels Sprouts,1.55,0.75,1.0,"Brussels sprouts, raw",0.001,620.0,PUFA 20:4,G,2.066666666666667,2.066666666666667,340.19399999999996,0.004556223801713141,0.004556223801713141,0.4556223801713141,0.4556223801713141,455.6223801713141,0.0021947999999999994
1808,Brussels Sprouts,1.55,0.75,1.0,"Brussels sprouts, raw",0.0,631.0,PUFA 22:5 n-3 (DPA),G,2.066666666666667,2.066666666666667,340.19399999999996,0.004556223801713141,0.004556223801713141,0.4556223801713141,0.4556223801713141,inf,0.0
1809,Brussels Sprouts,1.55,0.75,1.0,"Brussels sprouts, raw",6.0,322.0,"Carotene, alpha",UG,2.066666666666667,2.066666666666667,340.19399999999996,0.004556223801713141,0.004556223801713141,0.4556223801713141,0.4556223801713141,0.07593706336188569,13.168799999999997
1810,Brussels Sprouts,1.55,0.75,1.0,"Brussels sprouts, raw",0.0,607.0,SFA 4:0,G,2.066666666666667,2.066666666666667,340.19399999999996,0.004556223801713141,0.004556223801713141,0.4556223801713141,0.4556223801713141,inf,0.0
1811,Brussels Sprouts,1.55,0.75,1.0,"Brussels sprouts, raw",0.0,319.0,Retinol,UG,2.066666666666667,2.066666666666667,340.19399999999996,0.004556223801713141,0.004556223801713141,0.4556223801713141,0.4556223801713141,inf,0.0
1812,Brussels Sprouts,1.55,0.75,1.0,"Brussels sprouts, raw",0.0,221.0,"Alcohol, ethyl",G,2.066666666666667,2.066666666666667,340.19399999999996,0.004556223801713141,0.004556223801713141,0.4556223801713141,0.4556223801713141,inf,0.0
1813,Brussels Sprouts,1.55,0.75,1.0,"Brussels sprouts, raw",61.0,417.0,"Folate, total",UG,2.066666666666667,2.066666666666667,340.19399999999996,0.004556223801713141,0.004556223801713141,0.4556223801713141,0.4556223801713141,0.007469219347070724,133.88279999999997
1814,Brussels Sprouts,1.55,0.75,1.0,"Brussels sprouts, raw",0.219,415.0,Vitamin B-6,MG,2.066666666666667,2.066666666666667,340.19399999999996,0.004556223801713141,0.004556223801713141,0.4556223801713141,0.4556223801713141,2.080467489366731,0.4806611999999999
1815,Brussels Sprouts,1.55,0.75,1.0,"Brussels sprouts, raw",0.139,404.0,Thiamin,MG,2.066666666666667,2.066666666666667,340.19399999999996,0.004556223801713141,0.004556223801713141,0.4556223801713141,0.4556223801713141,3.2778588501533386,0.30507719999999994
1816,Brussels Sprouts,1.55,0.75,1.0,"Brussels sprouts, raw",0.0,418.0,Vitamin B-12,UG,2.066666666666667,2.066666666666667,340.19399999999996,0.004556223801713141,0.004556223801713141,0.4556223801713141,0.4556223801713141,inf,0.0
1817,Brussels Sprouts,1.55,0.75,1.0,"Brussels sprouts, raw",1.4,303.0,"Iron, Fe",MG,2.066666666666667,2.066666666666667,340.19399999999996,0.004556223801713141,0.004556223801713141,0.4556223801713141,0.4556223801713141,0.3254445572652244,3.072719999999999
1818,Brussels Sprouts,1.55,0.75,1.0,"Brussels sprouts, raw",0.0,262.0,Caffeine,MG,2.066666666666667,2.066666666666667,340.19399999999996,0.004556223801713141,0.004556223801713141,0.4556223801713141,0.4556223801713141,inf,0.0
1819,Brussels Sprouts,1.55,0.75,1.0,"Brussels sprouts, raw",0.003,614.0,SFA 18:0,G,2.066666666666667,2.066666666666667,340.19399999999996,0.004556223801713141,0.004556223801713141,0.4556223801713141,0.4556223801713141,151.87412672377138,0.006584399999999999
1820,Brussels Sprouts,1.55,0.75,1.0,"Brussels sprouts, raw",8.95,205.0,"Carbohydrate, by difference",G,2.066666666666667,2.066666666666667,340.19399999999996,0.004556223801713141,0.004556223801713141,0.4556223801713141,0.4556223801713141,0.05090752851076136,19.643459999999994
1821,Brussels Sprouts,1.55,0.75,1.0,"Brussels sprouts, raw",61.0,432.0,"Folate, food",UG,2.066666666666667,2.066666666666667,340.19399999999996,0.004556223801713141,0.004556223801713141,0.4556223801713141,0.4556223801713141,0.007469219347070724,133.88279999999997
1822,Brussels Sprouts,1.55,0.75,1.0,"Brussels sprouts, raw",86.0,255.0,Water,G,2.066666666666667,2.066666666666667,340.19399999999996,0.004556223801713141,0.004556223801713141,0.4556223801713141,0.4556223801713141,0.005297934653154816,188.75279999999995
1823,Brussels Sprouts,1.55,0.75,1.0,"Brussels sprouts, raw",85.0,401.0,"Vitamin C, total ascorbic acid",MG,2.066666666666667,2.066666666666667,340.19399999999996,0.004556223801713141,0.004556223801713141,0.4556223801713141,0.4556223801713141,0.005360263296133107,186.55799999999996
1824,Brussels Sprouts,1.55,0.75,1.0,"Brussels sprouts, raw",0.0,578.0,"Vitamin B-12, added",UG,2.066666666666667,2.066666666666667,340.19399999999996,0.004556223801713141,0.004556223801713141,0.4556223801713141,0.4556223801713141,inf,0.0
1825,Brussels Sprouts,1.55,0.75,1.0,"Brussels sprouts, raw",177.0,430.0,Vitamin K (phylloquinone),UG,2.066666666666667,2.066666666666667,340.19399999999996,0.004556223801713141,0.004556223801713141,0.4556223801713141,0.4556223801713141,0.002574137741080871,388.4795999999999
1826,Brussels Sprouts,1.55,0.75,1.0,"Brussels sprouts, raw",0.07,312.0,"Copper, Cu",MG,2.066666666666667,2.066666666666667,340.19399999999996,0.004556223801713141,0.004556223801713141,0.4556223801713141,0.4556223801713141,6.508891145304487,0.15363599999999997
1827,Brussels Sprouts,1.55,0.75,1.0,"Brussels sprouts, raw",25.0,307.0,"Sodium, Na",MG,2.066666666666667,2.066666666666667,340.19399999999996,0.004556223801713141,0.004556223801713141,0.4556223801713141,0.4556223801713141,0.018224895206852564,54.86999999999999
1828,Lettuce,1.0,1.0,1.0,"Lettuce, raw",95.31,255.0,Water,G,1.0,1.0,453.592,0.0022046244201837776,0.0022046244201837776,0.22046244201837775,0.22046244201837775,0.0023131092437139625,432.3185352
1829,Lettuce,1.0,1.0,1.0,"Lettuce, raw",198.0,320.0,"Vitamin A, RAE",UG,1.0,1.0,453.592,0.0022046244201837776,0.0022046244201837776,0.22046244201837775,0.22046244201837775,0.0011134466768604938,898.11216
1830,Lettuce,1.0,1.0,1.0,"Lettuce, raw",0.0,573.0,"Vitamin E, added",MG,1.0,1.0,453.592,0.0022046244201837776,0.0022046244201837776,0.22046244201837775,0.22046244201837775,inf,0.0
1831,Lettuce,1.0,1.0,1.0,"Lettuce, raw",0.0,601.0,Cholesterol,MG,1.0,1.0,453.592,0.0022046244201837776,0.0022046244201837776,0.22046244201837775,0.22046244201837775,inf,0.0
1832,Lettuce,1.0,1.0,1.0,"Lettuce, raw",0.0,627.0,PUFA 18:4,G,1.0,1.0,453.592,0.0022046244201837776,0.0022046244201837776,0.22046244201837775,0.22046244201837775,inf,0.0
1833,Lettuce,1.0,1.0,1.0,"Lettuce, raw",0.0,431.0,Folic acid,UG,1.0,1.0,453.592,0.0022046244201837776,0.0022046244201837776,0.22046244201837775,0.22046244201837775,inf,0.0
1834,Lettuce,1.0,1.0,1.0,"Lettuce, raw",0.249,406.0,Niacin,MG,1.0,1.0,453.592,0.0022046244201837776,0.0022046244201837776,0.22046244201837775,0.22046244201837775,0.8853913334071396,1.12944408
1835,Lettuce,1.0,1.0,1.0,"Lettuce, raw",19.0,307.0,"Sodium, Na",MG,1.0,1.0,453.592,0.0022046244201837776,0.0022046244201837776,0.22046244201837775,0.22046244201837775,0.011603286422019882,86.18248
1836,Lettuce,1.0,1.0,1.0,"Lettuce, raw",0.0,611.0,SFA 12:0,G,1.0,1.0,453.592,0.0022046244201837776,0.0022046244201837776,0.22046244201837775,0.22046244201837775,inf,0.0
1837,Lettuce,1.0,1.0,1.0,"Lettuce, raw",0.0,319.0,Retinol,UG,1.0,1.0,453.592,0.0022046244201837776,0.0022046244201837776,0.22046244201837775,0.22046244201837775,inf,0.0
1838,Lettuce,1.0,1.0,1.0,"Lettuce, raw",0.0,262.0,Caffeine,MG,1.0,1.0,453.592,0.0022046244201837776,0.0022046244201837776,0.22046244201837775,0.22046244201837775,inf,0.0
1839,Lettuce,1.0,1.0,1.0,"Lettuce, raw",0.0,578.0,"Vitamin B-12, added",UG,1.0,1.0,453.592,0.0022046244201837776,0.0022046244201837776,0.22046244201837775,0.22046244201837775,inf,0.0
1840,Lettuce,1.0,1.0,1.0,"Lettuce, raw",0.0,337.0,Lycopene,UG,1.0,1.0,453.592,0.0022046244201837776,0.0022046244201837776,0.22046244201837775,0.22046244201837775,inf,0.0
1841,Lettuce,1.0,1.0,1.0,"Lettuce, raw",0.0,607.0,SFA 4:0,G,1.0,1.0,453.592,0.0022046244201837776,0.0022046244201837776,0.22046244201837775,0.22046244201837775,inf,0.0
1842,Lettuce,1.0,1.0,1.0,"Lettuce, raw",0.2,323.0,Vitamin E (alpha-tocopherol),MG,1.0,1.0,453.592,0.0022046244201837776,0.0022046244201837776,0.22046244201837775,0.22046244201837775,1.1023122100918887,0.907184
1843,Lettuce,1.0,1.0,1.0,"Lettuce, raw",0.017,613.0,SFA 16:0,G,1.0,1.0,453.592,0.0022046244201837776,0.0022046244201837776,0.22046244201837775,0.22046244201837775,12.968378942257514,0.07711064000000001
1844,Lettuce,1.0,1.0,1.0,"Lettuce, raw",0.078,646.0,"Fatty acids, total polyunsaturated",G,1.0,1.0,453.592,0.0022046244201837776,0.0022046244201837776,0.22046244201837775,0.22046244201837775,2.826441564338176,0.35380176
1845,Lettuce,1.0,1.0,1.0,"Lettuce, raw",0.022,618.0,PUFA 18:2,G,1.0,1.0,453.592,0.0022046244201837776,0.0022046244201837776,0.22046244201837775,0.22046244201837775,10.021020091744443,0.09979023999999999
1846,Lettuce,1.0,1.0,1.0,"Lettuce, raw",10.2,421.0,"Choline, total",MG,1.0,1.0,453.592,0.0022046244201837776,0.0022046244201837776,0.22046244201837775,0.22046244201837775,0.021613964903762526,46.266383999999995
1847,Lettuce,1.0,1.0,1.0,"Lettuce, raw",34.0,435.0,"Folate, DFE",UG,1.0,1.0,453.592,0.0022046244201837776,0.0022046244201837776,0.22046244201837775,0.22046244201837775,0.006484189471128757,154.22128
1848,Lettuce,1.0,1.0,1.0,"Lettuce, raw",0.0,418.0,Vitamin B-12,UG,1.0,1.0,453.592,0.0022046244201837776,0.0022046244201837776,0.22046244201837775,0.22046244201837775,inf,0.0
1849,Lettuce,1.0,1.0,1.0,"Lettuce, raw",0.0,608.0,SFA 6:0,G,1.0,1.0,453.592,0.0022046244201837776,0.0022046244201837776,0.22046244201837775,0.22046244201837775,inf,0.0
1850,Lettuce,1.0,1.0,1.0,"Lettuce, raw",0.066,415.0,Vitamin B-6,MG,1.0,1.0,453.592,0.0022046244201837776,0.0022046244201837776,0.22046244201837775,0.22046244201837775,3.3403400305814808,0.29937072000000003
1851,Lettuce,1.0,1.0,1.0,"Lettuce, raw",0.006,645.0,"Fatty acids, total monounsaturated",G,1.0,1.0,453.592,0.0022046244201837776,0.0022046244201837776,0.22046244201837775,0.22046244201837775,36.74374033639629,0.02721552
1852,Lettuce,1.0,1.0,1.0,"Lettuce, raw",1004.0,338.0,Lutein + zeaxanthin,UG,1.0,1.0,453.592,0.0022046244201837776,0.0022046244201837776,0.22046244201837775,0.22046244201837775,0.00021958410559599377,4554.06368
1853,Lettuce,1.0,1.0,1.0,"Lettuce, raw",0.005,617.0,MUFA 18:1,G,1.0,1.0,453.592,0.0022046244201837776,0.0022046244201837776,0.22046244201837775,0.22046244201837775,44.09248840367555,0.0226796
1854,Lettuce,1.0,1.0,1.0,"Lettuce, raw",1.2,291.0,"Fiber, total dietary",G,1.0,1.0,453.592,0.0022046244201837776,0.0022046244201837776,0.22046244201837775,0.22046244201837775,0.18371870168198146,5.443104
1855,Lettuce,1.0,1.0,1.0,"Lettuce, raw",24.0,305.0,"Phosphorus, P",MG,1.0,1.0,453.592,0.0022046244201837776,0.0022046244201837776,0.22046244201837775,0.22046244201837775,0.009185935084099072,108.86207999999999
1856,Lettuce,1.0,1.0,1.0,"Lettuce, raw",0.055,619.0,PUFA 18:3,G,1.0,1.0,453.592,0.0022046244201837776,0.0022046244201837776,0.22046244201837775,0.22046244201837775,4.0084080366977775,0.2494756
1857,Lettuce,1.0,1.0,1.0,"Lettuce, raw",0.0,621.0,PUFA 22:6 n-3 (DHA),G,1.0,1.0,453.592,0.0022046244201837776,0.0022046244201837776,0.22046244201837775,0.22046244201837775,inf,0.0
1858,Lettuce,1.0,1.0,1.0,"Lettuce, raw",0.056,404.0,Thiamin,MG,1.0,1.0,453.592,0.0022046244201837776,0.0022046244201837776,0.22046244201837775,0.22046244201837775,3.9368293217567456,0.25401152
1859,Lettuce,1.0,1.0,1.0,"Lettuce, raw",0.16,309.0,"Zinc, Zn",MG,1.0,1.0,453.592,0.0022046244201837776,0.0022046244201837776,0.22046244201837775,0.22046244201837775,1.377890262614861,0.7257472
1860,Lettuce,1.0,1.0,1.0,"Lettuce, raw",1.13,203.0,Protein,G,1.0,1.0,453.592,0.0022046244201837776,0.0022046244201837776,0.22046244201837775,0.22046244201837775,0.1950995062109538,5.1255896
1861,Lettuce,1.0,1.0,1.0,"Lettuce, raw",0.4,317.0,"Selenium, Se",UG,1.0,1.0,453.592,0.0022046244201837776,0.0022046244201837776,0.22046244201837775,0.22046244201837775,0.5511561050459444,1.814368
1862,Lettuce,1.0,1.0,1.0,"Lettuce, raw",0.0,630.0,MUFA 22:1,G,1.0,1.0,453.592,0.0022046244201837776,0.0022046244201837776,0.22046244201837775,0.22046244201837775,inf,0.0
1863,Lettuce,1.0,1.0,1.0,"Lettuce, raw",0.0,612.0,SFA 14:0,G,1.0,1.0,453.592,0.0022046244201837776,0.0022046244201837776,0.22046244201837775,0.22046244201837775,inf,0.0
1864,Lettuce,1.0,1.0,1.0,"Lettuce, raw",34.0,417.0,"Folate, total",UG,1.0,1.0,453.592,0.0022046244201837776,0.0022046244201837776,0.22046244201837775,0.22046244201837775,0.006484189471128757,154.22128
1865,Lettuce,1.0,1.0,1.0,"Lettuce, raw",2371.0,321.0,"Carotene, beta",UG,1.0,1.0,453.592,0.0022046244201837776,0.0022046244201837776,0.22046244201837775,0.22046244201837775,9.298289414524579e-05,10754.66632
1866,Lettuce,1.0,1.0,1.0,"Lettuce, raw",10.0,304.0,"Magnesium, Mg",MG,1.0,1.0,453.592,0.0022046244201837776,0.0022046244201837776,0.22046244201837775,0.22046244201837775,0.022046244201837775,45.3592
1867,Lettuce,1.0,1.0,1.0,"Lettuce, raw",0.0,620.0,PUFA 20:4,G,1.0,1.0,453.592,0.0022046244201837776,0.0022046244201837776,0.22046244201837775,0.22046244201837775,inf,0.0
1868,Lettuce,1.0,1.0,1.0,"Lettuce, raw",168.0,306.0,"Potassium, K",MG,1.0,1.0,453.592,0.0022046244201837776,0.0022046244201837776,0.22046244201837775,0.22046244201837775,0.001312276440585582,762.0345599999999
1869,Lettuce,1.0,1.0,1.0,"Lettuce, raw",75.2,430.0,Vitamin K (phylloquinone),UG,1.0,1.0,453.592,0.0022046244201837776,0.0022046244201837776,0.22046244201837775,0.22046244201837775,0.002931681409818853,341.101184
1870,Lettuce,1.0,1.0,1.0,"Lettuce, raw",0.64,303.0,"Iron, Fe",MG,1.0,1.0,453.592,0.0022046244201837776,0.0022046244201837776,0.22046244201837775,0.22046244201837775,0.34447256565371526,2.9029888
1871,Lettuce,1.0,1.0,1.0,"Lettuce, raw",0.14,204.0,Total lipid (fat),G,1.0,1.0,453.592,0.0022046244201837776,0.0022046244201837776,0.22046244201837775,0.22046244201837775,1.574731728702698,0.6350288000000001
1872,Lettuce,1.0,1.0,1.0,"Lettuce, raw",0.019,606.0,"Fatty acids, total saturated",G,1.0,1.0,453.592,0.0022046244201837776,0.0022046244201837776,0.22046244201837775,0.22046244201837775,11.603286422019883,0.08618247999999999
1873,Lettuce,1.0,1.0,1.0,"Lettuce, raw",2.0,322.0,"Carotene, alpha",UG,1.0,1.0,453.592,0.0022046244201837776,0.0022046244201837776,0.22046244201837775,0.22046244201837775,0.11023122100918888,9.07184
1874,Lettuce,1.0,1.0,1.0,"Lettuce, raw",0.0,334.0,"Cryptoxanthin, beta",UG,1.0,1.0,453.592,0.0022046244201837776,0.0022046244201837776,0.22046244201837775,0.22046244201837775,inf,0.0
1875,Lettuce,1.0,1.0,1.0,"Lettuce, raw",0.0,631.0,PUFA 22:5 n-3 (DPA),G,1.0,1.0,453.592,0.0022046244201837776,0.0022046244201837776,0.22046244201837775,0.22046244201837775,inf,0.0
1876,Lettuce,1.0,1.0,1.0,"Lettuce, raw",0.0,263.0,Theobromine,MG,1.0,1.0,453.592,0.0022046244201837776,0.0022046244201837776,0.22046244201837775,0.22046244201837775,inf,0.0
1877,Lettuce,1.0,1.0,1.0,"Lettuce, raw",0.002,626.0,MUFA 16:1,G,1.0,1.0,453.592,0.0022046244201837776,0.0022046244201837776,0.22046244201837775,0.22046244201837775,110.23122100918887,0.00907184
1878,Lettuce,1.0,1.0,1.0,"Lettuce, raw",1.38,269.0,"Sugars, Total",G,1.0,1.0,453.592,0.0022046244201837776,0.0022046244201837776,0.22046244201837775,0.22046244201837775,0.15975539276694042,6.2595696
1879,Lettuce,1.0,1.0,1.0,"Lettuce, raw",0.053,405.0,Riboflavin,MG,1.0,1.0,453.592,0.0022046244201837776,0.0022046244201837776,0.22046244201837775,0.22046244201837775,4.159668717327882,0.24040376
1880,Lettuce,1.0,1.0,1.0,"Lettuce, raw",0.0,610.0,SFA 10:0,G,1.0,1.0,453.592,0.0022046244201837776,0.0022046244201837776,0.22046244201837775,0.22046244201837775,inf,0.0
1881,Lettuce,1.0,1.0,1.0,"Lettuce, raw",0.0,628.0,MUFA 20:1,G,1.0,1.0,453.592,0.0022046244201837776,0.0022046244201837776,0.22046244201837775,0.22046244201837775,inf,0.0
1882,Lettuce,1.0,1.0,1.0,"Lettuce, raw",6.0,401.0,"Vitamin C, total ascorbic acid",MG,1.0,1.0,453.592,0.0022046244201837776,0.0022046244201837776,0.22046244201837775,0.22046244201837775,0.03674374033639629,27.215519999999998
1883,Lettuce,1.0,1.0,1.0,"Lettuce, raw",2.92,205.0,"Carbohydrate, by difference",G,1.0,1.0,453.592,0.0022046244201837776,0.0022046244201837776,0.22046244201837775,0.22046244201837775,0.07550083630766362,13.244886399999999
1884,Lettuce,1.0,1.0,1.0,"Lettuce, raw",0.027,312.0,"Copper, Cu",MG,1.0,1.0,453.592,0.0022046244201837776,0.0022046244201837776,0.22046244201837775,0.22046244201837775,8.165275630310287,0.12246984
1885,Lettuce,1.0,1.0,1.0,"Lettuce, raw",14.0,208.0,Energy,KCAL,1.0,1.0,453.592,0.0022046244201837776,0.0022046244201837776,0.22046244201837775,0.22046244201837775,0.015747317287026982,63.50288
1886,Lettuce,1.0,1.0,1.0,"Lettuce, raw",0.0,629.0,PUFA 20:5 n-3 (EPA),G,1.0,1.0,453.592,0.0022046244201837776,0.0022046244201837776,0.22046244201837775,0.22046244201837775,inf,0.0
1887,Lettuce,1.0,1.0,1.0,"Lettuce, raw",0.0,221.0,"Alcohol, ethyl",G,1.0,1.0,453.592,0.0022046244201837776,0.0022046244201837776,0.22046244201837775,0.22046244201837775,inf,0.0
1888,Lettuce,1.0,1.0,1.0,"Lettuce, raw",0.002,614.0,SFA 18:0,G,1.0,1.0,453.592,0.0022046244201837776,0.0022046244201837776,0.22046244201837775,0.22046244201837775,110.23122100918887,0.00907184
1889,Lettuce,1.0,1.0,1.0,"Lettuce, raw",27.0,301.0,"Calcium, Ca",MG,1.0,1.0,453.592,0.0022046244201837776,0.0022046244201837776,0.22046244201837775,0.22046244201837775,0.008165275630310288,122.46984
1890,Lettuce,1.0,1.0,1.0,"Lettuce, raw",34.0,432.0,"Folate, food",UG,1.0,1.0,453.592,0.0022046244201837776,0.0022046244201837776,0.22046244201837775,0.22046244201837775,0.006484189471128757,154.22128
1891,Lettuce,1.0,1.0,1.0,"Lettuce, raw",0.0,328.0,Vitamin D (D2 + D3),UG,1.0,1.0,453.592,0.0022046244201837776,0.0022046244201837776,0.22046244201837775,0.22046244201837775,inf,0.0
1892,Lettuce,1.0,1.0,1.0,"Lettuce, raw",0.0,609.0,SFA 8:0,G,1.0,1.0,453.592,0.0022046244201837776,0.0022046244201837776,0.22046244201837775,0.22046244201837775,inf,0.0
1893,Cabbage,0.75,1.0,1.0,"Cabbage, green, raw",33.0,322.0,"Carotene, alpha",UG,0.75,0.75,453.592,0.001653468315137833,0.001653468315137833,0.16534683151378332,0.16534683151378332,0.005010510045872222,199.58048
1894,Cabbage,0.75,1.0,1.0,"Cabbage, green, raw",0.0,628.0,MUFA 20:1,G,0.75,0.75,453.592,0.001653468315137833,0.001653468315137833,0.16534683151378332,0.16534683151378332,inf,0.0
1895,Cabbage,0.75,1.0,1.0,"Cabbage, green, raw",0.0,263.0,Theobromine,MG,0.75,0.75,453.592,0.001653468315137833,0.001653468315137833,0.16534683151378332,0.16534683151378332,inf,0.0
1896,Cabbage,0.75,1.0,1.0,"Cabbage, green, raw",0.0,334.0,"Cryptoxanthin, beta",UG,0.75,0.75,453.592,0.001653468315137833,0.001653468315137833,0.16534683151378332,0.16534683151378332,inf,0.0
1897,Cabbage,0.75,1.0,1.0,"Cabbage, green, raw",0.1,204.0,Total lipid (fat),G,0.75,0.75,453.592,0.001653468315137833,0.001653468315137833,0.16534683151378332,0.16534683151378332,1.653468315137833,0.6047893333333333
1898,Cabbage,0.75,1.0,1.0,"Cabbage, green, raw",0.034,606.0,"Fatty acids, total saturated",G,0.75,0.75,453.592,0.001653468315137833,0.001653468315137833,0.16534683151378332,0.16534683151378332,4.863142103346568,0.20562837333333334
1899,Cabbage,0.75,1.0,1.0,"Cabbage, green, raw",0.0,578.0,"Vitamin B-12, added",UG,0.75,0.75,453.592,0.001653468315137833,0.001653468315137833,0.16534683151378332,0.16534683151378332,inf,0.0
1900,Cabbage,0.75,1.0,1.0,"Cabbage, green, raw",0.0,418.0,Vitamin B-12,UG,0.75,0.75,453.592,0.001653468315137833,0.001653468315137833,0.16534683151378332,0.16534683151378332,inf,0.0
1901,Cabbage,0.75,1.0,1.0,"Cabbage, green, raw",0.0,328.0,Vitamin D (D2 + D3),UG,0.75,0.75,453.592,0.001653468315137833,0.001653468315137833,0.16534683151378332,0.16534683151378332,inf,0.0
1902,Cabbage,0.75,1.0,1.0,"Cabbage, green, raw",0.15,323.0,Vitamin E (alpha-tocopherol),MG,0.75,0.75,453.592,0.001653468315137833,0.001653468315137833,0.16534683151378332,0.16534683151378332,1.102312210091889,0.9071839999999999
1903,Cabbage,0.75,1.0,1.0,"Cabbage, green, raw",3.2,269.0,"Sugars, Total",G,0.75,0.75,453.592,0.001653468315137833,0.001653468315137833,0.16534683151378332,0.16534683151378332,0.051670884848057284,19.353258666666665
1904,Cabbage,0.75,1.0,1.0,"Cabbage, green, raw",0.0,621.0,PUFA 22:6 n-3 (DHA),G,0.75,0.75,453.592,0.001653468315137833,0.001653468315137833,0.16534683151378332,0.16534683151378332,inf,0.0
1905,Cabbage,0.75,1.0,1.0,"Cabbage, green, raw",170.0,306.0,"Potassium, K",MG,0.75,0.75,453.592,0.001653468315137833,0.001653468315137833,0.16534683151378332,0.16534683151378332,0.0009726284206693136,1028.1418666666666
1906,Cabbage,0.75,1.0,1.0,"Cabbage, green, raw",0.0,614.0,SFA 18:0,G,0.75,0.75,453.592,0.001653468315137833,0.001653468315137833,0.16534683151378332,0.16534683151378332,inf,0.0
1907,Cabbage,0.75,1.0,1.0,"Cabbage, green, raw",12.0,304.0,"Magnesium, Mg",MG,0.75,0.75,453.592,0.001653468315137833,0.001653468315137833,0.16534683151378332,0.16534683151378332,0.01377890262614861,72.57472
1908,Cabbage,0.75,1.0,1.0,"Cabbage, green, raw",92.18,255.0,Water,G,0.75,0.75,453.592,0.001653468315137833,0.001653468315137833,0.16534683151378332,0.16534683151378332,0.0017937386799065232,557.4948074666667
1909,Cabbage,0.75,1.0,1.0,"Cabbage, green, raw",0.017,618.0,PUFA 18:2,G,0.75,0.75,453.592,0.001653468315137833,0.001653468315137833,0.16534683151378332,0.16534683151378332,9.726284206693135,0.10281418666666667
1910,Cabbage,0.75,1.0,1.0,"Cabbage, green, raw",30.0,338.0,Lutein + zeaxanthin,UG,0.75,0.75,453.592,0.001653468315137833,0.001653468315137833,0.16534683151378332,0.16534683151378332,0.005511561050459444,181.43679999999998
1911,Cabbage,0.75,1.0,1.0,"Cabbage, green, raw",0.0,221.0,"Alcohol, ethyl",G,0.75,0.75,453.592,0.001653468315137833,0.001653468315137833,0.16534683151378332,0.16534683151378332,inf,0.0
1912,Cabbage,0.75,1.0,1.0,"Cabbage, green, raw",0.0,627.0,PUFA 18:4,G,0.75,0.75,453.592,0.001653468315137833,0.001653468315137833,0.16534683151378332,0.16534683151378332,inf,0.0
1913,Cabbage,0.75,1.0,1.0,"Cabbage, green, raw",0.0,612.0,SFA 14:0,G,0.75,0.75,453.592,0.001653468315137833,0.001653468315137833,0.16534683151378332,0.16534683151378332,inf,0.0
1914,Cabbage,0.75,1.0,1.0,"Cabbage, green, raw",0.0,601.0,Cholesterol,MG,0.75,0.75,453.592,0.001653468315137833,0.001653468315137833,0.16534683151378332,0.16534683151378332,inf,0.0
1915,Cabbage,0.75,1.0,1.0,"Cabbage, green, raw",0.04,405.0,Riboflavin,MG,0.75,0.75,453.592,0.001653468315137833,0.001653468315137833,0.16534683151378332,0.16534683151378332,4.133670787844583,0.24191573333333333
1916,Cabbage,0.75,1.0,1.0,"Cabbage, green, raw",0.0,626.0,MUFA 16:1,G,0.75,0.75,453.592,0.001653468315137833,0.001653468315137833,0.16534683151378332,0.16534683151378332,inf,0.0
1917,Cabbage,0.75,1.0,1.0,"Cabbage, green, raw",25.0,208.0,Energy,KCAL,0.75,0.75,453.592,0.001653468315137833,0.001653468315137833,0.16534683151378332,0.16534683151378332,0.006613873260551333,151.19733333333332
1918,Cabbage,0.75,1.0,1.0,"Cabbage, green, raw",0.0,337.0,Lycopene,UG,0.75,0.75,453.592,0.001653468315137833,0.001653468315137833,0.16534683151378332,0.16534683151378332,inf,0.0
1919,Cabbage,0.75,1.0,1.0,"Cabbage, green, raw",0.124,415.0,Vitamin B-6,MG,0.75,0.75,453.592,0.001653468315137833,0.001653468315137833,0.16534683151378332,0.16534683151378332,1.3334421896272848,0.7499387733333333
1920,Cabbage,0.75,1.0,1.0,"Cabbage, green, raw",43.0,417.0,"Folate, total",UG,0.75,0.75,453.592,0.001653468315137833,0.001653468315137833,0.16534683151378332,0.16534683151378332,0.0038452751514833333,260.05941333333334
1921,Cabbage,0.75,1.0,1.0,"Cabbage, green, raw",5.0,320.0,"Vitamin A, RAE",UG,0.75,0.75,453.592,0.001653468315137833,0.001653468315137833,0.16534683151378332,0.16534683151378332,0.03306936630275666,30.239466666666665
1922,Cabbage,0.75,1.0,1.0,"Cabbage, green, raw",18.0,307.0,"Sodium, Na",MG,0.75,0.75,453.592,0.001653468315137833,0.001653468315137833,0.16534683151378332,0.16534683151378332,0.009185935084099074,108.86207999999999
1923,Cabbage,0.75,1.0,1.0,"Cabbage, green, raw",0.017,645.0,"Fatty acids, total monounsaturated",G,0.75,0.75,453.592,0.001653468315137833,0.001653468315137833,0.16534683151378332,0.16534683151378332,9.726284206693135,0.10281418666666667
1924,Cabbage,0.75,1.0,1.0,"Cabbage, green, raw",0.0,608.0,SFA 6:0,G,0.75,0.75,453.592,0.001653468315137833,0.001653468315137833,0.16534683151378332,0.16534683151378332,inf,0.0
1925,Cabbage,0.75,1.0,1.0,"Cabbage, green, raw",0.0,631.0,PUFA 22:5 n-3 (DPA),G,0.75,0.75,453.592,0.001653468315137833,0.001653468315137833,0.16534683151378332,0.16534683151378332,inf,0.0
1926,Cabbage,0.75,1.0,1.0,"Cabbage, green, raw",0.234,406.0,Niacin,MG,0.75,0.75,453.592,0.001653468315137833,0.001653468315137833,0.16534683151378332,0.16534683151378332,0.706610391084544,1.41520704
1927,Cabbage,0.75,1.0,1.0,"Cabbage, green, raw",0.017,617.0,MUFA 18:1,G,0.75,0.75,453.592,0.001653468315137833,0.001653468315137833,0.16534683151378332,0.16534683151378332,9.726284206693135,0.10281418666666667
1928,Cabbage,0.75,1.0,1.0,"Cabbage, green, raw",0.0,611.0,SFA 12:0,G,0.75,0.75,453.592,0.001653468315137833,0.001653468315137833,0.16534683151378332,0.16534683151378332,inf,0.0
1929,Cabbage,0.75,1.0,1.0,"Cabbage, green, raw",26.0,305.0,"Phosphorus, P",MG,0.75,0.75,453.592,0.001653468315137833,0.001653468315137833,0.16534683151378332,0.16534683151378332,0.0063594935197608966,157.24522666666667
1930,Cabbage,0.75,1.0,1.0,"Cabbage, green, raw",0.061,404.0,Thiamin,MG,0.75,0.75,453.592,0.001653468315137833,0.001653468315137833,0.16534683151378332,0.16534683151378332,2.7106037953079234,0.3689214933333333
1931,Cabbage,0.75,1.0,1.0,"Cabbage, green, raw",10.7,421.0,"Choline, total",MG,0.75,0.75,453.592,0.001653468315137833,0.001653468315137833,0.16534683151378332,0.16534683151378332,0.015452974907830219,64.71245866666666
1932,Cabbage,0.75,1.0,1.0,"Cabbage, green, raw",0.017,646.0,"Fatty acids, total polyunsaturated",G,0.75,0.75,453.592,0.001653468315137833,0.001653468315137833,0.16534683151378332,0.16534683151378332,9.726284206693135,0.10281418666666667
1933,Cabbage,0.75,1.0,1.0,"Cabbage, green, raw",0.0,629.0,PUFA 20:5 n-3 (EPA),G,0.75,0.75,453.592,0.001653468315137833,0.001653468315137833,0.16534683151378332,0.16534683151378332,inf,0.0
1934,Cabbage,0.75,1.0,1.0,"Cabbage, green, raw",0.0,619.0,PUFA 18:3,G,0.75,0.75,453.592,0.001653468315137833,0.001653468315137833,0.16534683151378332,0.16534683151378332,inf,0.0
1935,Cabbage,0.75,1.0,1.0,"Cabbage, green, raw",0.18,309.0,"Zinc, Zn",MG,0.75,0.75,453.592,0.001653468315137833,0.001653468315137833,0.16534683151378332,0.16534683151378332,0.9185935084099074,1.0886208
1936,Cabbage,0.75,1.0,1.0,"Cabbage, green, raw",0.0,607.0,SFA 4:0,G,0.75,0.75,453.592,0.001653468315137833,0.001653468315137833,0.16534683151378332,0.16534683151378332,inf,0.0
1937,Cabbage,0.75,1.0,1.0,"Cabbage, green, raw",0.0,609.0,SFA 8:0,G,0.75,0.75,453.592,0.001653468315137833,0.001653468315137833,0.16534683151378332,0.16534683151378332,inf,0.0
1938,Cabbage,0.75,1.0,1.0,"Cabbage, green, raw",0.0,630.0,MUFA 22:1,G,0.75,0.75,453.592,0.001653468315137833,0.001653468315137833,0.16534683151378332,0.16534683151378332,inf,0.0
1939,Cabbage,0.75,1.0,1.0,"Cabbage, green, raw",0.0,610.0,SFA 10:0,G,0.75,0.75,453.592,0.001653468315137833,0.001653468315137833,0.16534683151378332,0.16534683151378332,inf,0.0
1940,Cabbage,0.75,1.0,1.0,"Cabbage, green, raw",0.3,317.0,"Selenium, Se",UG,0.75,0.75,453.592,0.001653468315137833,0.001653468315137833,0.16534683151378332,0.16534683151378332,0.5511561050459445,1.8143679999999998
1941,Cabbage,0.75,1.0,1.0,"Cabbage, green, raw",0.0,431.0,Folic acid,UG,0.75,0.75,453.592,0.001653468315137833,0.001653468315137833,0.16534683151378332,0.16534683151378332,inf,0.0
1942,Cabbage,0.75,1.0,1.0,"Cabbage, green, raw",2.5,291.0,"Fiber, total dietary",G,0.75,0.75,453.592,0.001653468315137833,0.001653468315137833,0.16534683151378332,0.16534683151378332,0.06613873260551333,15.119733333333333
1943,Cabbage,0.75,1.0,1.0,"Cabbage, green, raw",43.0,435.0,"Folate, DFE",UG,0.75,0.75,453.592,0.001653468315137833,0.001653468315137833,0.16534683151378332,0.16534683151378332,0.0038452751514833333,260.05941333333334
1944,Cabbage,0.75,1.0,1.0,"Cabbage, green, raw",0.0,319.0,Retinol,UG,0.75,0.75,453.592,0.001653468315137833,0.001653468315137833,0.16534683151378332,0.16534683151378332,inf,0.0
1945,Cabbage,0.75,1.0,1.0,"Cabbage, green, raw",5.8,205.0,"Carbohydrate, by difference",G,0.75,0.75,453.592,0.001653468315137833,0.001653468315137833,0.16534683151378332,0.16534683151378332,0.02850807439892816,35.07778133333333
1946,Cabbage,0.75,1.0,1.0,"Cabbage, green, raw",0.019,312.0,"Copper, Cu",MG,0.75,0.75,453.592,0.001653468315137833,0.001653468315137833,0.16534683151378332,0.16534683151378332,8.702464816514912,0.11490997333333332
1947,Cabbage,0.75,1.0,1.0,"Cabbage, green, raw",0.0,573.0,"Vitamin E, added",MG,0.75,0.75,453.592,0.001653468315137833,0.001653468315137833,0.16534683151378332,0.16534683151378332,inf,0.0
1948,Cabbage,0.75,1.0,1.0,"Cabbage, green, raw",0.0,620.0,PUFA 20:4,G,0.75,0.75,453.592,0.001653468315137833,0.001653468315137833,0.16534683151378332,0.16534683151378332,inf,0.0
1949,Cabbage,0.75,1.0,1.0,"Cabbage, green, raw",0.034,613.0,SFA 16:0,G,0.75,0.75,453.592,0.001653468315137833,0.001653468315137833,0.16534683151378332,0.16534683151378332,4.863142103346568,0.20562837333333334
1950,Cabbage,0.75,1.0,1.0,"Cabbage, green, raw",36.6,401.0,"Vitamin C, total ascorbic acid",MG,0.75,0.75,453.592,0.001653468315137833,0.001653468315137833,0.16534683151378332,0.16534683151378332,0.004517672992179872,221.352896
1951,Cabbage,0.75,1.0,1.0,"Cabbage, green, raw",42.0,321.0,"Carotene, beta",UG,0.75,0.75,453.592,0.001653468315137833,0.001653468315137833,0.16534683151378332,0.16534683151378332,0.003936829321756746,254.01152
1952,Cabbage,0.75,1.0,1.0,"Cabbage, green, raw",76.0,430.0,Vitamin K (phylloquinone),UG,0.75,0.75,453.592,0.001653468315137833,0.001653468315137833,0.16534683151378332,0.16534683151378332,0.002175616204128728,459.6398933333333
1953,Cabbage,0.75,1.0,1.0,"Cabbage, green, raw",40.0,301.0,"Calcium, Ca",MG,0.75,0.75,453.592,0.001653468315137833,0.001653468315137833,0.16534683151378332,0.16534683151378332,0.004133670787844583,241.91573333333332
1954,Cabbage,0.75,1.0,1.0,"Cabbage, green, raw",43.0,432.0,"Folate, food",UG,0.75,0.75,453.592,0.001653468315137833,0.001653468315137833,0.16534683151378332,0.16534683151378332,0.0038452751514833333,260.05941333333334
1955,Cabbage,0.75,1.0,1.0,"Cabbage, green, raw",0.0,262.0,Caffeine,MG,0.75,0.75,453.592,0.001653468315137833,0.001653468315137833,0.16534683151378332,0.16534683151378332,inf,0.0
1956,Cabbage,0.75,1.0,1.0,"Cabbage, green, raw",0.47,303.0,"Iron, Fe",MG,0.75,0.75,453.592,0.001653468315137833,0.001653468315137833,0.16534683151378332,0.16534683151378332,0.3518017691782624,2.842509866666666
1957,Cabbage,0.75,1.0,1.0,"Cabbage, green, raw",1.28,203.0,Protein,G,0.75,0.75,453.592,0.001653468315137833,0.001653468315137833,0.16534683151378332,0.16534683151378332,0.12917721212014321,7.7413034666666665
1958,Broccoli,1.29,0.75,1.0,"Broccoli, raw",0.0,607.0,SFA 4:0,G,1.72,1.72,340.19399999999996,0.003791954002716098,0.003791954002716098,0.3791954002716098,0.3791954002716098,inf,0.0
1959,Broccoli,1.29,0.75,1.0,"Broccoli, raw",303.0,306.0,"Potassium, K",MG,1.72,1.72,340.19399999999996,0.003791954002716098,0.003791954002716098,0.3791954002716098,0.3791954002716098,0.0012514699678931017,799.0603255813952
1960,Broccoli,1.29,0.75,1.0,"Broccoli, raw",93.0,321.0,"Carotene, beta",UG,1.72,1.72,340.19399999999996,0.003791954002716098,0.003791954002716098,0.3791954002716098,0.3791954002716098,0.004077369895393654,245.25613953488366
1961,Broccoli,1.29,0.75,1.0,"Broccoli, raw",0.0,611.0,SFA 12:0,G,1.72,1.72,340.19399999999996,0.003791954002716098,0.003791954002716098,0.3791954002716098,0.3791954002716098,inf,0.0
1962,Broccoli,1.29,0.75,1.0,"Broccoli, raw",0.114,405.0,Riboflavin,MG,1.72,1.72,340.19399999999996,0.003791954002716098,0.003791954002716098,0.3791954002716098,0.3791954002716098,3.326275440979033,0.3006365581395348
1963,Broccoli,1.29,0.75,1.0,"Broccoli, raw",0.34,204.0,Total lipid (fat),G,1.72,1.72,340.19399999999996,0.003791954002716098,0.003791954002716098,0.3791954002716098,0.3791954002716098,1.1152805890341464,0.8966353488372092
1964,Broccoli,1.29,0.75,1.0,"Broccoli, raw",91.3,401.0,"Vitamin C, total ascorbic acid",MG,1.72,1.72,340.19399999999996,0.003791954002716098,0.003791954002716098,0.3791954002716098,0.3791954002716098,0.004153290254891674,240.77296279069762
1965,Broccoli,1.29,0.75,1.0,"Broccoli, raw",745.0,338.0,Lutein + zeaxanthin,UG,1.72,1.72,340.19399999999996,0.003791954002716098,0.003791954002716098,0.3791954002716098,0.3791954002716098,0.0005089871144585366,1964.6862790697671
1966,Broccoli,1.29,0.75,1.0,"Broccoli, raw",0.0,631.0,PUFA 22:5 n-3 (DPA),G,1.72,1.72,340.19399999999996,0.003791954002716098,0.003791954002716098,0.3791954002716098,0.3791954002716098,inf,0.0
1967,Broccoli,1.29,0.75,1.0,"Broccoli, raw",0.0,337.0,Lycopene,UG,1.72,1.72,340.19399999999996,0.003791954002716098,0.003791954002716098,0.3791954002716098,0.3791954002716098,inf,0.0
1968,Broccoli,1.29,0.75,1.0,"Broccoli, raw",0.001,612.0,SFA 14:0,G,1.72,1.72,340.19399999999996,0.003791954002716098,0.003791954002716098,0.3791954002716098,0.3791954002716098,379.1954002716098,0.0026371627906976738
1969,Broccoli,1.29,0.75,1.0,"Broccoli, raw",8.0,320.0,"Vitamin A, RAE",UG,1.72,1.72,340.19399999999996,0.003791954002716098,0.003791954002716098,0.3791954002716098,0.3791954002716098,0.047399425033951226,21.097302325581392
1970,Broccoli,1.29,0.75,1.0,"Broccoli, raw",0.0,322.0,"Carotene, alpha",UG,1.72,1.72,340.19399999999996,0.003791954002716098,0.003791954002716098,0.3791954002716098,0.3791954002716098,inf,0.0
1971,Broccoli,1.29,0.75,1.0,"Broccoli, raw",1.4,269.0,"Sugars, Total",G,1.72,1.72,340.19399999999996,0.003791954002716098,0.003791954002716098,0.3791954002716098,0.3791954002716098,0.2708538573368642,3.692027906976743
1972,Broccoli,1.29,0.75,1.0,"Broccoli, raw",0.0,262.0,Caffeine,MG,1.72,1.72,340.19399999999996,0.003791954002716098,0.003791954002716098,0.3791954002716098,0.3791954002716098,inf,0.0
1973,Broccoli,1.29,0.75,1.0,"Broccoli, raw",0.15,323.0,Vitamin E (alpha-tocopherol),MG,1.72,1.72,340.19399999999996,0.003791954002716098,0.003791954002716098,0.3791954002716098,0.3791954002716098,2.5279693351440655,0.3955744186046511
1974,Broccoli,1.29,0.75,1.0,"Broccoli, raw",36.0,307.0,"Sodium, Na",MG,1.72,1.72,340.19399999999996,0.003791954002716098,0.003791954002716098,0.3791954002716098,0.3791954002716098,0.010533205563100272,94.93786046511626
1975,Broccoli,1.29,0.75,1.0,"Broccoli, raw",90.0,255.0,Water,G,1.72,1.72,340.19399999999996,0.003791954002716098,0.003791954002716098,0.3791954002716098,0.3791954002716098,0.004213282225240109,237.34465116279065
1976,Broccoli,1.29,0.75,1.0,"Broccoli, raw",0.0,319.0,Retinol,UG,1.72,1.72,340.19399999999996,0.003791954002716098,0.003791954002716098,0.3791954002716098,0.3791954002716098,inf,0.0
1977,Broccoli,1.29,0.75,1.0,"Broccoli, raw",0.69,303.0,"Iron, Fe",MG,1.72,1.72,340.19399999999996,0.003791954002716098,0.003791954002716098,0.3791954002716098,0.3791954002716098,0.5495585511182751,1.819642325581395
1978,Broccoli,1.29,0.75,1.0,"Broccoli, raw",0.0,334.0,"Cryptoxanthin, beta",UG,1.72,1.72,340.19399999999996,0.003791954002716098,0.003791954002716098,0.3791954002716098,0.3791954002716098,inf,0.0
1979,Broccoli,1.29,0.75,1.0,"Broccoli, raw",0.077,404.0,Thiamin,MG,1.72,1.72,340.19399999999996,0.003791954002716098,0.003791954002716098,0.3791954002716098,0.3791954002716098,4.924615587942984,0.2030615348837209
1980,Broccoli,1.29,0.75,1.0,"Broccoli, raw",2.57,203.0,Protein,G,1.72,1.72,340.19399999999996,0.003791954002716098,0.003791954002716098,0.3791954002716098,0.3791954002716098,0.147546848354712,6.777508372093021
1981,Broccoli,1.29,0.75,1.0,"Broccoli, raw",0.191,415.0,Vitamin B-6,MG,1.72,1.72,340.19399999999996,0.003791954002716098,0.003791954002716098,0.3791954002716098,0.3791954002716098,1.985316231788533,0.5036980930232557
1982,Broccoli,1.29,0.75,1.0,"Broccoli, raw",0.0,621.0,PUFA 22:6 n-3 (DHA),G,1.72,1.72,340.19399999999996,0.003791954002716098,0.003791954002716098,0.3791954002716098,0.3791954002716098,inf,0.0
1983,Broccoli,1.29,0.75,1.0,"Broccoli, raw",6.27,205.0,"Carbohydrate, by difference",G,1.72,1.72,340.19399999999996,0.003791954002716098,0.003791954002716098,0.3791954002716098,0.3791954002716098,0.060477735290527884,16.535010697674416
1984,Broccoli,1.29,0.75,1.0,"Broccoli, raw",0.42,309.0,"Zinc, Zn",MG,1.72,1.72,340.19399999999996,0.003791954002716098,0.003791954002716098,0.3791954002716098,0.3791954002716098,0.9028461911228806,1.107608372093023
1985,Broccoli,1.29,0.75,1.0,"Broccoli, raw",0.0,628.0,MUFA 20:1,G,1.72,1.72,340.19399999999996,0.003791954002716098,0.003791954002716098,0.3791954002716098,0.3791954002716098,inf,0.0
1986,Broccoli,1.29,0.75,1.0,"Broccoli, raw",65.0,432.0,"Folate, food",UG,1.72,1.72,340.19399999999996,0.003791954002716098,0.003791954002716098,0.3791954002716098,0.3791954002716098,0.005833775388793997,171.4155813953488
1987,Broccoli,1.29,0.75,1.0,"Broccoli, raw",0.021,619.0,PUFA 18:3,G,1.72,1.72,340.19399999999996,0.003791954002716098,0.003791954002716098,0.3791954002716098,0.3791954002716098,18.05692382245761,0.055380418604651156
1988,Broccoli,1.29,0.75,1.0,"Broccoli, raw",21.0,304.0,"Magnesium, Mg",MG,1.72,1.72,340.19399999999996,0.003791954002716098,0.003791954002716098,0.3791954002716098,0.3791954002716098,0.01805692382245761,55.380418604651155
1989,Broccoli,1.29,0.75,1.0,"Broccoli, raw",0.0,601.0,Cholesterol,MG,1.72,1.72,340.19399999999996,0.003791954002716098,0.003791954002716098,0.3791954002716098,0.3791954002716098,inf,0.0
1990,Broccoli,1.29,0.75,1.0,"Broccoli, raw",0.0,610.0,SFA 10:0,G,1.72,1.72,340.19399999999996,0.003791954002716098,0.003791954002716098,0.3791954002716098,0.3791954002716098,inf,0.0
1991,Broccoli,1.29,0.75,1.0,"Broccoli, raw",0.0,431.0,Folic acid,UG,1.72,1.72,340.19399999999996,0.003791954002716098,0.003791954002716098,0.3791954002716098,0.3791954002716098,inf,0.0
1992,Broccoli,1.29,0.75,1.0,"Broccoli, raw",0.017,618.0,PUFA 18:2,G,1.72,1.72,340.19399999999996,0.003791954002716098,0.003791954002716098,0.3791954002716098,0.3791954002716098,22.305611780682927,0.04483176744186046
1993,Broccoli,1.29,0.75,1.0,"Broccoli, raw",65.0,417.0,"Folate, total",UG,1.72,1.72,340.19399999999996,0.003791954002716098,0.003791954002716098,0.3791954002716098,0.3791954002716098,0.005833775388793997,171.4155813953488
1994,Broccoli,1.29,0.75,1.0,"Broccoli, raw",0.0,578.0,"Vitamin B-12, added",UG,1.72,1.72,340.19399999999996,0.003791954002716098,0.003791954002716098,0.3791954002716098,0.3791954002716098,inf,0.0
1995,Broccoli,1.29,0.75,1.0,"Broccoli, raw",67.0,305.0,"Phosphorus, P",MG,1.72,1.72,340.19399999999996,0.003791954002716098,0.003791954002716098,0.3791954002716098,0.3791954002716098,0.005659632839874773,176.68990697674414
1996,Broccoli,1.29,0.75,1.0,"Broccoli, raw",39.0,208.0,Energy,KCAL,1.72,1.72,340.19399999999996,0.003791954002716098,0.003791954002716098,0.3791954002716098,0.3791954002716098,0.009722958981323328,102.84934883720928
1997,Broccoli,1.29,0.75,1.0,"Broccoli, raw",0.0,620.0,PUFA 20:4,G,1.72,1.72,340.19399999999996,0.003791954002716098,0.003791954002716098,0.3791954002716098,0.3791954002716098,inf,0.0
1998,Broccoli,1.29,0.75,1.0,"Broccoli, raw",0.0,608.0,SFA 6:0,G,1.72,1.72,340.19399999999996,0.003791954002716098,0.003791954002716098,0.3791954002716098,0.3791954002716098,inf,0.0
1999,Broccoli,1.29,0.75,1.0,"Broccoli, raw",102.0,430.0,Vitamin K (phylloquinone),UG,1.72,1.72,340.19399999999996,0.003791954002716098,0.003791954002716098,0.3791954002716098,0.3791954002716098,0.003717601963447155,268.99060465116276
2000,Broccoli,1.29,0.75,1.0,"Broccoli, raw",0.029,613.0,SFA 16:0,G,1.72,1.72,340.19399999999996,0.003791954002716098,0.003791954002716098,0.3791954002716098,0.3791954002716098,13.075703457641717,0.07647772093023254
2001,Broccoli,1.29,0.75,1.0,"Broccoli, raw",0.011,645.0,"Fatty acids, total monounsaturated",G,1.72,1.72,340.19399999999996,0.003791954002716098,0.003791954002716098,0.3791954002716098,0.3791954002716098,34.47230911560089,0.02900879069767441
2002,Broccoli,1.29,0.75,1.0,"Broccoli, raw",0.0,221.0,"Alcohol, ethyl",G,1.72,1.72,340.19399999999996,0.003791954002716098,0.003791954002716098,0.3791954002716098,0.3791954002716098,inf,0.0
2003,Broccoli,1.29,0.75,1.0,"Broccoli, raw",0.01,617.0,MUFA 18:1,G,1.72,1.72,340.19399999999996,0.003791954002716098,0.003791954002716098,0.3791954002716098,0.3791954002716098,37.91954002716098,0.02637162790697674
2004,Broccoli,1.29,0.75,1.0,"Broccoli, raw",0.0,573.0,"Vitamin E, added",MG,1.72,1.72,340.19399999999996,0.003791954002716098,0.003791954002716098,0.3791954002716098,0.3791954002716098,inf,0.0
2005,Broccoli,1.29,0.75,1.0,"Broccoli, raw",65.0,435.0,"Folate, DFE",UG,1.72,1.72,340.19399999999996,0.003791954002716098,0.003791954002716098,0.3791954002716098,0.3791954002716098,0.005833775388793997,171.4155813953488
2006,Broccoli,1.29,0.75,1.0,"Broccoli, raw",0.039,606.0,"Fatty acids, total saturated",G,1.72,1.72,340.19399999999996,0.003791954002716098,0.003791954002716098,0.3791954002716098,0.3791954002716098,9.722958981323329,0.10284934883720928
2007,Broccoli,1.29,0.75,1.0,"Broccoli, raw",0.0,626.0,MUFA 16:1,G,1.72,1.72,340.19399999999996,0.003791954002716098,0.003791954002716098,0.3791954002716098,0.3791954002716098,inf,0.0
2008,Broccoli,1.29,0.75,1.0,"Broccoli, raw",0.059,312.0,"Copper, Cu",MG,1.72,1.72,340.19399999999996,0.003791954002716098,0.003791954002716098,0.3791954002716098,0.3791954002716098,6.427040682569658,0.15559260465116276
2009,Broccoli,1.29,0.75,1.0,"Broccoli, raw",0.0,418.0,Vitamin B-12,UG,1.72,1.72,340.19399999999996,0.003791954002716098,0.003791954002716098,0.3791954002716098,0.3791954002716098,inf,0.0
2010,Broccoli,1.29,0.75,1.0,"Broccoli, raw",18.7,421.0,"Choline, total",MG,1.72,1.72,340.19399999999996,0.003791954002716098,0.003791954002716098,0.3791954002716098,0.3791954002716098,0.020277828891529938,49.3149441860465
2011,Broccoli,1.29,0.75,1.0,"Broccoli, raw",0.0,328.0,Vitamin D (D2 + D3),UG,1.72,1.72,340.19399999999996,0.003791954002716098,0.003791954002716098,0.3791954002716098,0.3791954002716098,inf,0.0
2012,Broccoli,1.29,0.75,1.0,"Broccoli, raw",0.006,614.0,SFA 18:0,G,1.72,1.72,340.19399999999996,0.003791954002716098,0.003791954002716098,0.3791954002716098,0.3791954002716098,63.19923337860163,0.015822976744186045
2013,Broccoli,1.29,0.75,1.0,"Broccoli, raw",46.0,301.0,"Calcium, Ca",MG,1.72,1.72,340.19399999999996,0.003791954002716098,0.003791954002716098,0.3791954002716098,0.3791954002716098,0.008243378266774126,121.309488372093
2014,Broccoli,1.29,0.75,1.0,"Broccoli, raw",0.017,646.0,"Fatty acids, total polyunsaturated",G,1.72,1.72,340.19399999999996,0.003791954002716098,0.003791954002716098,0.3791954002716098,0.3791954002716098,22.305611780682927,0.04483176744186046
2015,Broccoli,1.29,0.75,1.0,"Broccoli, raw",0.639,406.0,Niacin,MG,1.72,1.72,340.19399999999996,0.003791954002716098,0.003791954002716098,0.3791954002716098,0.3791954002716098,0.593420031723959,1.6851470232558137
2016,Broccoli,1.29,0.75,1.0,"Broccoli, raw",0.0,629.0,PUFA 20:5 n-3 (EPA),G,1.72,1.72,340.19399999999996,0.003791954002716098,0.003791954002716098,0.3791954002716098,0.3791954002716098,inf,0.0
2017,Broccoli,1.29,0.75,1.0,"Broccoli, raw",2.4,291.0,"Fiber, total dietary",G,1.72,1.72,340.19399999999996,0.003791954002716098,0.003791954002716098,0.3791954002716098,0.3791954002716098,0.1579980834465041,6.329190697674417
2018,Broccoli,1.29,0.75,1.0,"Broccoli, raw",0.0,630.0,MUFA 22:1,G,1.72,1.72,340.19399999999996,0.003791954002716098,0.003791954002716098,0.3791954002716098,0.3791954002716098,inf,0.0
2019,Broccoli,1.29,0.75,1.0,"Broccoli, raw",0.0,627.0,PUFA 18:4,G,1.72,1.72,340.19399999999996,0.003791954002716098,0.003791954002716098,0.3791954002716098,0.3791954002716098,inf,0.0
2020,Broccoli,1.29,0.75,1.0,"Broccoli, raw",1.6,317.0,"Selenium, Se",UG,1.72,1.72,340.19399999999996,0.003791954002716098,0.003791954002716098,0.3791954002716098,0.3791954002716098,0.23699712516975613,4.219460465116279
2021,Broccoli,1.29,0.75,1.0,"Broccoli, raw",0.0,609.0,SFA 8:0,G,1.72,1.72,340.19399999999996,0.003791954002716098,0.003791954002716098,0.3791954002716098,0.3791954002716098,inf,0.0
2022,Broccoli,1.29,0.75,1.0,"Broccoli, raw",0.0,263.0,Theobromine,MG,1.72,1.72,340.19399999999996,0.003791954002716098,0.003791954002716098,0.3791954002716098,0.3791954002716098,inf,0.0
2023,Potatoes,4.39,8.0,0.75,"Potato, NFS",1.372,617.0,MUFA 18:1,G,0.54875,0.7316666666666666,3628.736,0.001209787650575848,0.0016130502007677973,0.12097876505758479,0.16130502007677974,0.11756925661572866,8.505624929384965
2024,Potatoes,4.39,8.0,0.75,"Potato, NFS",24.0,304.0,"Magnesium, Mg",MG,0.54875,0.7316666666666666,3628.736,0.001209787650575848,0.0016130502007677973,0.12097876505758479,0.16130502007677974,0.006721042503199156,148.7864419134396
2025,Potatoes,4.39,8.0,0.75,"Potato, NFS",0.0,629.0,PUFA 20:5 n-3 (EPA),G,0.54875,0.7316666666666666,3628.736,0.001209787650575848,0.0016130502007677973,0.12097876505758479,0.16130502007677974,inf,0.0
2026,Potatoes,4.39,8.0,0.75,"Potato, NFS",0.012,609.0,SFA 8:0,G,0.54875,0.7316666666666666,3628.736,0.001209787650575848,0.0016130502007677973,0.12097876505758479,0.16130502007677974,13.442085006398312,0.07439322095671981
2027,Potatoes,4.39,8.0,0.75,"Potato, NFS",0.0,322.0,"Carotene, alpha",UG,0.54875,0.7316666666666666,3628.736,0.001209787650575848,0.0016130502007677973,0.12097876505758479,0.16130502007677974,inf,0.0
2028,Potatoes,4.39,8.0,0.75,"Potato, NFS",9.0,417.0,"Folate, total",UG,0.54875,0.7316666666666666,3628.736,0.001209787650575848,0.0016130502007677973,0.12097876505758479,0.16130502007677974,0.01792278000853108,55.79491571753986
2029,Potatoes,4.39,8.0,0.75,"Potato, NFS",0.0,418.0,Vitamin B-12,UG,0.54875,0.7316666666666666,3628.736,0.001209787650575848,0.0016130502007677973,0.12097876505758479,0.16130502007677974,inf,0.0
2030,Potatoes,4.39,8.0,0.75,"Potato, NFS",8.0,321.0,"Carotene, beta",UG,0.54875,0.7316666666666666,3628.736,0.001209787650575848,0.0016130502007677973,0.12097876505758479,0.16130502007677974,0.020163127509597468,49.5954806378132
2031,Potatoes,4.39,8.0,0.75,"Potato, NFS",1.126,618.0,PUFA 18:2,G,0.54875,0.7316666666666666,3628.736,0.001209787650575848,0.0016130502007677973,0.12097876505758479,0.16130502007677974,0.14325490237724667,6.980563899772208
2032,Potatoes,4.39,8.0,0.75,"Potato, NFS",0.001,631.0,PUFA 22:5 n-3 (DPA),G,0.54875,0.7316666666666666,3628.736,0.001209787650575848,0.0016130502007677973,0.12097876505758479,0.16130502007677974,161.30502007677973,0.006199435079726651
2033,Potatoes,4.39,8.0,0.75,"Potato, NFS",0.0,263.0,Theobromine,MG,0.54875,0.7316666666666666,3628.736,0.001209787650575848,0.0016130502007677973,0.12097876505758479,0.16130502007677974,inf,0.0
2034,Potatoes,4.39,8.0,0.75,"Potato, NFS",0.59,323.0,Vitamin E (alpha-tocopherol),MG,0.54875,0.7316666666666666,3628.736,0.001209787650575848,0.0016130502007677973,0.12097876505758479,0.16130502007677974,0.273398339113186,3.6576666970387235
2035,Potatoes,4.39,8.0,0.75,"Potato, NFS",0.15,619.0,PUFA 18:3,G,0.54875,0.7316666666666666,3628.736,0.001209787650575848,0.0016130502007677973,0.12097876505758479,0.16130502007677974,1.075366800511865,0.9299152619589975
2036,Potatoes,4.39,8.0,0.75,"Potato, NFS",0.312,415.0,Vitamin B-6,MG,0.54875,0.7316666666666666,3628.736,0.001209787650575848,0.0016130502007677973,0.12097876505758479,0.16130502007677974,0.5170032694768582,1.934223744874715
2037,Potatoes,4.39,8.0,0.75,"Potato, NFS",0.28,309.0,"Zinc, Zn",MG,0.54875,0.7316666666666666,3628.736,0.001209787650575848,0.0016130502007677973,0.12097876505758479,0.16130502007677974,0.5760893574170705,1.7358418223234624
2038,Potatoes,4.39,8.0,0.75,"Potato, NFS",9.0,435.0,"Folate, DFE",UG,0.54875,0.7316666666666666,3628.736,0.001209787650575848,0.0016130502007677973,0.12097876505758479,0.16130502007677974,0.01792278000853108,55.79491571753986
2039,Potatoes,4.39,8.0,0.75,"Potato, NFS",0.0,334.0,"Cryptoxanthin, beta",UG,0.54875,0.7316666666666666,3628.736,0.001209787650575848,0.0016130502007677973,0.12097876505758479,0.16130502007677974,inf,0.0
2040,Potatoes,4.39,8.0,0.75,"Potato, NFS",1.4,291.0,"Fiber, total dietary",G,0.54875,0.7316666666666666,3628.736,0.001209787650575848,0.0016130502007677973,0.12097876505758479,0.16130502007677974,0.11521787148341411,8.679209111617311
2041,Potatoes,4.39,8.0,0.75,"Potato, NFS",0.1,404.0,Thiamin,MG,0.54875,0.7316666666666666,3628.736,0.001209787650575848,0.0016130502007677973,0.12097876505758479,0.16130502007677974,1.6130502007677974,0.6199435079726651
2042,Potatoes,4.39,8.0,0.75,"Potato, NFS",0.0,338.0,Lutein + zeaxanthin,UG,0.54875,0.7316666666666666,3628.736,0.001209787650575848,0.0016130502007677973,0.12097876505758479,0.16130502007677974,inf,0.0
2043,Potatoes,4.39,8.0,0.75,"Potato, NFS",0.0,621.0,PUFA 22:6 n-3 (DHA),G,0.54875,0.7316666666666666,3628.736,0.001209787650575848,0.0016130502007677973,0.12097876505758479,0.16130502007677974,inf,0.0
2044,Potatoes,4.39,8.0,0.75,"Potato, NFS",0.0,337.0,Lycopene,UG,0.54875,0.7316666666666666,3628.736,0.001209787650575848,0.0016130502007677973,0.12097876505758479,0.16130502007677974,inf,0.0
2045,Potatoes,4.39,8.0,0.75,"Potato, NFS",1.87,203.0,Protein,G,0.54875,0.7316666666666666,3628.736,0.001209787650575848,0.0016130502007677973,0.12097876505758479,0.16130502007677974,0.0862593690250159,11.592943599088837
2046,Potatoes,4.39,8.0,0.75,"Potato, NFS",0.3,317.0,"Selenium, Se",UG,0.54875,0.7316666666666666,3628.736,0.001209787650575848,0.0016130502007677973,0.12097876505758479,0.16130502007677974,0.5376834002559325,1.859830523917995
2047,Potatoes,4.39,8.0,0.75,"Potato, NFS",1.62,269.0,"Sugars, Total",G,0.54875,0.7316666666666666,3628.736,0.001209787650575848,0.0016130502007677973,0.12097876505758479,0.16130502007677974,0.0995710000473949,10.043084829157175
2048,Potatoes,4.39,8.0,0.75,"Potato, NFS",0.0,328.0,Vitamin D (D2 + D3),UG,0.54875,0.7316666666666666,3628.736,0.001209787650575848,0.0016130502007677973,0.12097876505758479,0.16130502007677974,inf,0.0
2049,Potatoes,4.39,8.0,0.75,"Potato, NFS",0.029,610.0,SFA 10:0,G,0.54875,0.7316666666666666,3628.736,0.001209787650575848,0.0016130502007677973,0.12097876505758479,0.16130502007677974,5.5622420716130945,0.17978361731207287
2050,Potatoes,4.39,8.0,0.75,"Potato, NFS",0.617,613.0,SFA 16:0,G,0.54875,0.7316666666666666,3628.736,0.001209787650575848,0.0016130502007677973,0.12097876505758479,0.16130502007677974,0.2614343923448618,3.8250514441913435
2051,Potatoes,4.39,8.0,0.75,"Potato, NFS",19.0,320.0,"Vitamin A, RAE",UG,0.54875,0.7316666666666666,3628.736,0.001209787650575848,0.0016130502007677973,0.12097876505758479,0.16130502007677974,0.008489737898777881,117.78926651480636
2052,Potatoes,4.39,8.0,0.75,"Potato, NFS",48.0,305.0,"Phosphorus, P",MG,0.54875,0.7316666666666666,3628.736,0.001209787650575848,0.0016130502007677973,0.12097876505758479,0.16130502007677974,0.003360521251599578,297.5728838268792
2053,Potatoes,4.39,8.0,0.75,"Potato, NFS",72.09,255.0,Water,G,0.54875,0.7316666666666666,3628.736,0.001209787650575848,0.0016130502007677973,0.12097876505758479,0.16130502007677974,0.0022375505628628068,446.9172748974943
2054,Potatoes,4.39,8.0,0.75,"Potato, NFS",0.0,221.0,"Alcohol, ethyl",G,0.54875,0.7316666666666666,3628.736,0.001209787650575848,0.0016130502007677973,0.12097876505758479,0.16130502007677974,inf,0.0
2055,Potatoes,4.39,8.0,0.75,"Potato, NFS",12.1,401.0,"Vitamin C, total ascorbic acid",MG,0.54875,0.7316666666666666,3628.736,0.001209787650575848,0.0016130502007677973,0.12097876505758479,0.16130502007677974,0.013330993394775186,75.01316446469247
2056,Potatoes,4.39,8.0,0.75,"Potato, NFS",0.227,614.0,SFA 18:0,G,0.54875,0.7316666666666666,3628.736,0.001209787650575848,0.0016130502007677973,0.12097876505758479,0.16130502007677974,0.7105948021003513,1.4072717630979497
2057,Potatoes,4.39,8.0,0.75,"Potato, NFS",1.429,645.0,"Fatty acids, total monounsaturated",G,0.54875,0.7316666666666666,3628.736,0.001209787650575848,0.0016130502007677973,0.12097876505758479,0.16130502007677974,0.1128796501586982,8.858992728929383
2058,Potatoes,4.39,8.0,0.75,"Potato, NFS",0.34,303.0,"Iron, Fe",MG,0.54875,0.7316666666666666,3628.736,0.001209787650575848,0.0016130502007677973,0.12097876505758479,0.16130502007677974,0.47442652963758747,2.1078079271070616
2059,Potatoes,4.39,8.0,0.75,"Potato, NFS",0.036,611.0,SFA 12:0,G,0.54875,0.7316666666666666,3628.736,0.001209787650575848,0.0016130502007677973,0.12097876505758479,0.16130502007677974,4.480695002132771,0.22317966287015942
2060,Potatoes,4.39,8.0,0.75,"Potato, NFS",0.0,627.0,PUFA 18:4,G,0.54875,0.7316666666666666,3628.736,0.001209787650575848,0.0016130502007677973,0.12097876505758479,0.16130502007677974,inf,0.0
2061,Potatoes,4.39,8.0,0.75,"Potato, NFS",372.0,306.0,"Potassium, K",MG,0.54875,0.7316666666666666,3628.736,0.001209787650575848,0.0016130502007677973,0.12097876505758479,0.16130502007677974,0.0004336156453676875,2306.189849658314
2062,Potatoes,4.39,8.0,0.75,"Potato, NFS",0.0,578.0,"Vitamin B-12, added",UG,0.54875,0.7316666666666666,3628.736,0.001209787650575848,0.0016130502007677973,0.12097876505758479,0.16130502007677974,inf,0.0
2063,Potatoes,4.39,8.0,0.75,"Potato, NFS",1.277,646.0,"Fatty acids, total polyunsaturated",G,0.54875,0.7316666666666666,3628.736,0.001209787650575848,0.0016130502007677973,0.12097876505758479,0.16130502007677974,0.12631559912042267,7.916678596810932
2064,Potatoes,4.39,8.0,0.75,"Potato, NFS",9.0,432.0,"Folate, food",UG,0.54875,0.7316666666666666,3628.736,0.001209787650575848,0.0016130502007677973,0.12097876505758479,0.16130502007677974,0.01792278000853108,55.79491571753986
2065,Potatoes,4.39,8.0,0.75,"Potato, NFS",18.0,319.0,Retinol,UG,0.54875,0.7316666666666666,3628.736,0.001209787650575848,0.0016130502007677973,0.12097876505758479,0.16130502007677974,0.00896139000426554,111.58983143507972
2066,Potatoes,4.39,8.0,0.75,"Potato, NFS",5.0,301.0,"Calcium, Ca",MG,0.54875,0.7316666666666666,3628.736,0.001209787650575848,0.0016130502007677973,0.12097876505758479,0.16130502007677974,0.03226100401535595,30.997175398633253
2067,Potatoes,4.39,8.0,0.75,"Potato, NFS",0.0,262.0,Caffeine,MG,0.54875,0.7316666666666666,3628.736,0.001209787650575848,0.0016130502007677973,0.12097876505758479,0.16130502007677974,inf,0.0
2068,Potatoes,4.39,8.0,0.75,"Potato, NFS",0.204,312.0,"Copper, Cu",MG,0.54875,0.7316666666666666,3628.736,0.001209787650575848,0.0016130502007677973,0.12097876505758479,0.16130502007677974,0.7907108827293126,1.2646847562642367
2069,Potatoes,4.39,8.0,0.75,"Potato, NFS",0.02,628.0,MUFA 20:1,G,0.54875,0.7316666666666666,3628.736,0.001209787650575848,0.0016130502007677973,0.12097876505758479,0.16130502007677974,8.065251003838988,0.12398870159453301
2070,Potatoes,4.39,8.0,0.75,"Potato, NFS",3.9,430.0,Vitamin K (phylloquinone),UG,0.54875,0.7316666666666666,3628.736,0.001209787650575848,0.0016130502007677973,0.12097876505758479,0.16130502007677974,0.041360261558148655,24.177796810933938
2071,Potatoes,4.39,8.0,0.75,"Potato, NFS",0.0,630.0,MUFA 22:1,G,0.54875,0.7316666666666666,3628.736,0.001209787650575848,0.0016130502007677973,0.12097876505758479,0.16130502007677974,inf,0.0
2072,Potatoes,4.39,8.0,0.75,"Potato, NFS",14.1,421.0,"Choline, total",MG,0.54875,0.7316666666666666,3628.736,0.001209787650575848,0.0016130502007677973,0.12097876505758479,0.16130502007677974,0.011440072345870904,87.41203462414578
2073,Potatoes,4.39,8.0,0.75,"Potato, NFS",0.105,612.0,SFA 14:0,G,0.54875,0.7316666666666666,3628.736,0.001209787650575848,0.0016130502007677973,0.12097876505758479,0.16130502007677974,1.5362382864455215,0.6509406833712983
2074,Potatoes,4.39,8.0,0.75,"Potato, NFS",126.0,208.0,Energy,KCAL,0.54875,0.7316666666666666,3628.736,0.001209787650575848,0.0016130502007677973,0.12097876505758479,0.16130502007677974,0.0012801985720379346,781.128820045558
2075,Potatoes,4.39,8.0,0.75,"Potato, NFS",4.25,204.0,Total lipid (fat),G,0.54875,0.7316666666666666,3628.736,0.001209787650575848,0.0016130502007677973,0.12097876505758479,0.16130502007677974,0.037954122371006996,26.347599088838265
2076,Potatoes,4.39,8.0,0.75,"Potato, NFS",0.0,573.0,"Vitamin E, added",MG,0.54875,0.7316666666666666,3628.736,0.001209787650575848,0.0016130502007677973,0.12097876505758479,0.16130502007677974,inf,0.0
2077,Potatoes,4.39,8.0,0.75,"Potato, NFS",0.002,620.0,PUFA 20:4,G,0.54875,0.7316666666666666,3628.736,0.001209787650575848,0.0016130502007677973,0.12097876505758479,0.16130502007677974,80.65251003838986,0.012398870159453302
2078,Potatoes,4.39,8.0,0.75,"Potato, NFS",0.029,607.0,SFA 4:0,G,0.54875,0.7316666666666666,3628.736,0.001209787650575848,0.0016130502007677973,0.12097876505758479,0.16130502007677974,5.5622420716130945,0.17978361731207287
2079,Potatoes,4.39,8.0,0.75,"Potato, NFS",1.324,406.0,Niacin,MG,0.54875,0.7316666666666666,3628.736,0.001209787650575848,0.0016130502007677973,0.12097876505758479,0.16130502007677974,0.12183158616070977,8.208052045558086
2080,Potatoes,4.39,8.0,0.75,"Potato, NFS",20.45,205.0,"Carbohydrate, by difference",G,0.54875,0.7316666666666666,3628.736,0.001209787650575848,0.0016130502007677973,0.12097876505758479,0.16130502007677974,0.007887776042874316,126.77844738041
2081,Potatoes,4.39,8.0,0.75,"Potato, NFS",0.02,405.0,Riboflavin,MG,0.54875,0.7316666666666666,3628.736,0.001209787650575848,0.0016130502007677973,0.12097876505758479,0.16130502007677974,8.065251003838988,0.12398870159453301
2082,Potatoes,4.39,8.0,0.75,"Potato, NFS",0.0,431.0,Folic acid,UG,0.54875,0.7316666666666666,3628.736,0.001209787650575848,0.0016130502007677973,0.12097876505758479,0.16130502007677974,inf,0.0
2083,Potatoes,4.39,8.0,0.75,"Potato, NFS",3.0,601.0,Cholesterol,MG,0.54875,0.7316666666666666,3628.736,0.001209787650575848,0.0016130502007677973,0.12097876505758479,0.16130502007677974,0.05376834002559325,18.59830523917995
2084,Potatoes,4.39,8.0,0.75,"Potato, NFS",166.0,307.0,"Sodium, Na",MG,0.54875,0.7316666666666666,3628.736,0.001209787650575848,0.0016130502007677973,0.12097876505758479,0.16130502007677974,0.0009717169884143358,1029.106223234624
2085,Potatoes,4.39,8.0,0.75,"Potato, NFS",0.024,626.0,MUFA 16:1,G,0.54875,0.7316666666666666,3628.736,0.001209787650575848,0.0016130502007677973,0.12097876505758479,0.16130502007677974,6.721042503199156,0.14878644191343962
2086,Potatoes,4.39,8.0,0.75,"Potato, NFS",0.021,608.0,SFA 6:0,G,0.54875,0.7316666666666666,3628.736,0.001209787650575848,0.0016130502007677973,0.12097876505758479,0.16130502007677974,7.681191432227607,0.13018813667425966
2087,Potatoes,4.39,8.0,0.75,"Potato, NFS",1.12,606.0,"Fatty acids, total saturated",G,0.54875,0.7316666666666666,3628.736,0.001209787650575848,0.0016130502007677973,0.12097876505758479,0.16130502007677974,0.14402233935426761,6.94336728929385
2088,Sweet Potato,2.85,3.0,0.75,"Sweet potato, NFS",0.0,629.0,PUFA 20:5 n-3 (EPA),G,0.9500000000000001,1.2666666666666666,1360.7759999999998,0.002094393199174589,0.0027925242655661184,0.2094393199174589,0.2792524265566118,inf,0.0
2089,Sweet Potato,2.85,3.0,0.75,"Sweet potato, NFS",187.0,307.0,"Sodium, Na",MG,0.9500000000000001,1.2666666666666666,1360.7759999999998,0.002094393199174589,0.0027925242655661184,0.2094393199174589,0.2792524265566118,0.0014933284842599563,669.6450315789474
2090,Sweet Potato,2.85,3.0,0.75,"Sweet potato, NFS",18.0,319.0,Retinol,UG,0.9500000000000001,1.2666666666666666,1360.7759999999998,0.002094393199174589,0.0027925242655661184,0.2094393199174589,0.2792524265566118,0.015514023697589545,64.4578105263158
2091,Sweet Potato,2.85,3.0,0.75,"Sweet potato, NFS",5.6,430.0,Vitamin K (phylloquinone),UG,0.9500000000000001,1.2666666666666666,1360.7759999999998,0.002094393199174589,0.0027925242655661184,0.2094393199174589,0.2792524265566118,0.04986650474225211,20.053541052631576
2092,Sweet Potato,2.85,3.0,0.75,"Sweet potato, NFS",0.631,613.0,SFA 16:0,G,0.9500000000000001,1.2666666666666666,1360.7759999999998,0.002094393199174589,0.0027925242655661184,0.2094393199174589,0.2792524265566118,0.4425553511198285,2.259604357894737
2093,Sweet Potato,2.85,3.0,0.75,"Sweet potato, NFS",5.45,269.0,"Sugars, Total",G,0.9500000000000001,1.2666666666666666,1360.7759999999998,0.002094393199174589,0.0027925242655661184,0.2094393199174589,0.2792524265566118,0.051238977349837025,19.51639263157895
2094,Sweet Potato,2.85,3.0,0.75,"Sweet potato, NFS",1.124,606.0,"Fatty acids, total saturated",G,0.9500000000000001,1.2666666666666666,1360.7759999999998,0.002094393199174589,0.0027925242655661184,0.2094393199174589,0.2792524265566118,0.24844521935641617,4.0250321684210535
2095,Sweet Potato,2.85,3.0,0.75,"Sweet potato, NFS",0.0,578.0,"Vitamin B-12, added",UG,0.9500000000000001,1.2666666666666666,1360.7759999999998,0.002094393199174589,0.0027925242655661184,0.2094393199174589,0.2792524265566118,inf,0.0
2096,Sweet Potato,2.85,3.0,0.75,"Sweet potato, NFS",16.82,205.0,"Carbohydrate, by difference",G,0.9500000000000001,1.2666666666666666,1360.7759999999998,0.002094393199174589,0.0027925242655661184,0.2094393199174589,0.2792524265566118,0.01660240348136812,60.23224294736843
2097,Sweet Potato,2.85,3.0,0.75,"Sweet potato, NFS",1.45,323.0,Vitamin E (alpha-tocopherol),MG,0.9500000000000001,1.2666666666666666,1360.7759999999998,0.002094393199174589,0.0027925242655661184,0.2094393199174589,0.2792524265566118,0.19258788038387023,5.192434736842105
2098,Sweet Potato,2.85,3.0,0.75,"Sweet potato, NFS",6.0,435.0,"Folate, DFE",UG,0.9500000000000001,1.2666666666666666,1360.7759999999998,0.002094393199174589,0.0027925242655661184,0.2094393199174589,0.2792524265566118,0.04654207109276864,21.485936842105264
2099,Sweet Potato,2.85,3.0,0.75,"Sweet potato, NFS",3.0,601.0,Cholesterol,MG,0.9500000000000001,1.2666666666666666,1360.7759999999998,0.002094393199174589,0.0027925242655661184,0.2094393199174589,0.2792524265566118,0.09308414218553727,10.742968421052632
2100,Sweet Potato,2.85,3.0,0.75,"Sweet potato, NFS",0.045,405.0,Riboflavin,MG,0.9500000000000001,1.2666666666666666,1360.7759999999998,0.002094393199174589,0.0027925242655661184,0.2094393199174589,0.2792524265566118,6.205609479035818,0.16114452631578946
2101,Sweet Potato,2.85,3.0,0.75,"Sweet potato, NFS",76.56,255.0,Water,G,0.9500000000000001,1.2666666666666666,1360.7759999999998,0.002094393199174589,0.0027925242655661184,0.2094393199174589,0.2792524265566118,0.0036474977345429963,274.16055410526315
2102,Sweet Potato,2.85,3.0,0.75,"Sweet potato, NFS",0.053,404.0,Thiamin,MG,0.9500000000000001,1.2666666666666666,1360.7759999999998,0.002094393199174589,0.0027925242655661184,0.2094393199174589,0.2792524265566118,5.268913708615317,0.18979244210526316
2103,Sweet Potato,2.85,3.0,0.75,"Sweet potato, NFS",6.0,432.0,"Folate, food",UG,0.9500000000000001,1.2666666666666666,1360.7759999999998,0.002094393199174589,0.0027925242655661184,0.2094393199174589,0.2792524265566118,0.04654207109276864,21.485936842105264
2104,Sweet Potato,2.85,3.0,0.75,"Sweet potato, NFS",765.0,320.0,"Vitamin A, RAE",UG,0.9500000000000001,1.2666666666666666,1360.7759999999998,0.002094393199174589,0.0027925242655661184,0.2094393199174589,0.2792524265566118,0.0003650358517079893,2739.456947368421
2105,Sweet Potato,2.85,3.0,0.75,"Sweet potato, NFS",0.0,334.0,"Cryptoxanthin, beta",UG,0.9500000000000001,1.2666666666666666,1360.7759999999998,0.002094393199174589,0.0027925242655661184,0.2094393199174589,0.2792524265566118,inf,0.0
2106,Sweet Potato,2.85,3.0,0.75,"Sweet potato, NFS",0.0,328.0,Vitamin D (D2 + D3),UG,0.9500000000000001,1.2666666666666666,1360.7759999999998,0.002094393199174589,0.0027925242655661184,0.2094393199174589,0.2792524265566118,inf,0.0
2107,Sweet Potato,2.85,3.0,0.75,"Sweet potato, NFS",0.0,418.0,Vitamin B-12,UG,0.9500000000000001,1.2666666666666666,1360.7759999999998,0.002094393199174589,0.0027925242655661184,0.2094393199174589,0.2792524265566118,inf,0.0
2108,Sweet Potato,2.85,3.0,0.75,"Sweet potato, NFS",0.19,309.0,"Zinc, Zn",MG,0.9500000000000001,1.2666666666666666,1360.7759999999998,0.002094393199174589,0.0027925242655661184,0.2094393199174589,0.2792524265566118,1.4697496134558516,0.680388
2109,Sweet Potato,2.85,3.0,0.75,"Sweet potato, NFS",0.028,610.0,SFA 10:0,G,0.9500000000000001,1.2666666666666666,1360.7759999999998,0.002094393199174589,0.0027925242655661184,0.2094393199174589,0.2792524265566118,9.973300948450422,0.1002677052631579
2110,Sweet Potato,2.85,3.0,0.75,"Sweet potato, NFS",0.0,627.0,PUFA 18:4,G,0.9500000000000001,1.2666666666666666,1360.7759999999998,0.002094393199174589,0.0027925242655661184,0.2094393199174589,0.2792524265566118,inf,0.0
2111,Sweet Potato,2.85,3.0,0.75,"Sweet potato, NFS",0.0,338.0,Lutein + zeaxanthin,UG,0.9500000000000001,1.2666666666666666,1360.7759999999998,0.002094393199174589,0.0027925242655661184,0.2094393199174589,0.2792524265566118,inf,0.0
2112,Sweet Potato,2.85,3.0,0.75,"Sweet potato, NFS",0.0,221.0,"Alcohol, ethyl",G,0.9500000000000001,1.2666666666666666,1360.7759999999998,0.002094393199174589,0.0027925242655661184,0.2094393199174589,0.2792524265566118,inf,0.0
2113,Sweet Potato,2.85,3.0,0.75,"Sweet potato, NFS",17.0,304.0,"Magnesium, Mg",MG,0.9500000000000001,1.2666666666666666,1360.7759999999998,0.002094393199174589,0.0027925242655661184,0.2094393199174589,0.2792524265566118,0.016426613326859518,60.87682105263158
2114,Sweet Potato,2.85,3.0,0.75,"Sweet potato, NFS",0.104,612.0,SFA 14:0,G,0.9500000000000001,1.2666666666666666,1360.7759999999998,0.002094393199174589,0.0027925242655661184,0.2094393199174589,0.2792524265566118,2.6851194861212675,0.3724229052631579
2115,Sweet Potato,2.85,3.0,0.75,"Sweet potato, NFS",1.154,618.0,PUFA 18:2,G,0.9500000000000001,1.2666666666666666,1360.7759999999998,0.002094393199174589,0.0027925242655661184,0.2094393199174589,0.2792524265566118,0.24198650481508824,4.132461852631579
2116,Sweet Potato,2.85,3.0,0.75,"Sweet potato, NFS",26.0,301.0,"Calcium, Ca",MG,0.9500000000000001,1.2666666666666666,1360.7759999999998,0.002094393199174589,0.0027925242655661184,0.2094393199174589,0.2792524265566118,0.01074047794448507,93.10572631578948
2117,Sweet Potato,2.85,3.0,0.75,"Sweet potato, NFS",1.31,203.0,Protein,G,0.9500000000000001,1.2666666666666666,1360.7759999999998,0.002094393199174589,0.0027925242655661184,0.2094393199174589,0.2792524265566118,0.21316979126458915,4.691096210526316
2118,Sweet Potato,2.85,3.0,0.75,"Sweet potato, NFS",2.4,291.0,"Fiber, total dietary",G,0.9500000000000001,1.2666666666666666,1360.7759999999998,0.002094393199174589,0.0027925242655661184,0.2094393199174589,0.2792524265566118,0.1163551777319216,8.594374736842106
2119,Sweet Potato,2.85,3.0,0.75,"Sweet potato, NFS",8968.0,321.0,"Carotene, beta",UG,0.9500000000000001,1.2666666666666666,1360.7759999999998,0.002094393199174589,0.0027925242655661184,0.2094393199174589,0.2792524265566118,3.113876299694601e-05,32114.3136
2120,Sweet Potato,2.85,3.0,0.75,"Sweet potato, NFS",31.0,305.0,"Phosphorus, P",MG,0.9500000000000001,1.2666666666666666,1360.7759999999998,0.002094393199174589,0.0027925242655661184,0.2094393199174589,0.2792524265566118,0.009008142792148769,111.01067368421053
2121,Sweet Potato,2.85,3.0,0.75,"Sweet potato, NFS",0.0,262.0,Caffeine,MG,0.9500000000000001,1.2666666666666666,1360.7759999999998,0.002094393199174589,0.0027925242655661184,0.2094393199174589,0.2792524265566118,inf,0.0
2122,Sweet Potato,2.85,3.0,0.75,"Sweet potato, NFS",0.0,630.0,MUFA 22:1,G,0.9500000000000001,1.2666666666666666,1360.7759999999998,0.002094393199174589,0.0027925242655661184,0.2094393199174589,0.2792524265566118,inf,0.0
2123,Sweet Potato,2.85,3.0,0.75,"Sweet potato, NFS",0.183,415.0,Vitamin B-6,MG,0.9500000000000001,1.2666666666666666,1360.7759999999998,0.002094393199174589,0.0027925242655661184,0.2094393199174589,0.2792524265566118,1.5259695440252012,0.6553210736842106
2124,Sweet Potato,2.85,3.0,0.75,"Sweet potato, NFS",0.023,626.0,MUFA 16:1,G,0.9500000000000001,1.2666666666666666,1360.7759999999998,0.002094393199174589,0.0027925242655661184,0.2094393199174589,0.2792524265566118,12.14140985028747,0.08236275789473685
2125,Sweet Potato,2.85,3.0,0.75,"Sweet potato, NFS",0.02,628.0,MUFA 20:1,G,0.9500000000000001,1.2666666666666666,1360.7759999999998,0.002094393199174589,0.0027925242655661184,0.2094393199174589,0.2792524265566118,13.96262132783059,0.07161978947368422
2126,Sweet Potato,2.85,3.0,0.75,"Sweet potato, NFS",0.511,406.0,Niacin,MG,0.9500000000000001,1.2666666666666666,1360.7759999999998,0.002094393199174589,0.0027925242655661184,0.2094393199174589,0.2792524265566118,0.5464822437507081,1.8298856210526318
2127,Sweet Potato,2.85,3.0,0.75,"Sweet potato, NFS",1.371,617.0,MUFA 18:1,G,0.9500000000000001,1.2666666666666666,1360.7759999999998,0.002094393199174589,0.0027925242655661184,0.2094393199174589,0.2792524265566118,0.20368521265981898,4.909536568421053
2128,Sweet Potato,2.85,3.0,0.75,"Sweet potato, NFS",0.223,614.0,SFA 18:0,G,0.9500000000000001,1.2666666666666666,1360.7759999999998,0.002094393199174589,0.0027925242655661184,0.2094393199174589,0.2792524265566118,1.2522530338861515,0.7985606526315789
2129,Sweet Potato,2.85,3.0,0.75,"Sweet potato, NFS",0.0,337.0,Lycopene,UG,0.9500000000000001,1.2666666666666666,1360.7759999999998,0.002094393199174589,0.0027925242655661184,0.2094393199174589,0.2792524265566118,inf,0.0
2130,Sweet Potato,2.85,3.0,0.75,"Sweet potato, NFS",0.033,611.0,SFA 12:0,G,0.9500000000000001,1.2666666666666666,1360.7759999999998,0.002094393199174589,0.0027925242655661184,0.2094393199174589,0.2792524265566118,8.462194744139751,0.11817265263157896
2131,Sweet Potato,2.85,3.0,0.75,"Sweet potato, NFS",0.029,607.0,SFA 4:0,G,0.9500000000000001,1.2666666666666666,1360.7759999999998,0.002094393199174589,0.0027925242655661184,0.2094393199174589,0.2792524265566118,9.62939401919351,0.1038486947368421
2132,Sweet Potato,2.85,3.0,0.75,"Sweet potato, NFS",0.001,631.0,PUFA 22:5 n-3 (DPA),G,0.9500000000000001,1.2666666666666666,1360.7759999999998,0.002094393199174589,0.0027925242655661184,0.2094393199174589,0.2792524265566118,279.2524265566118,0.0035809894736842105
2133,Sweet Potato,2.85,3.0,0.75,"Sweet potato, NFS",1.427,645.0,"Fatty acids, total monounsaturated",G,0.9500000000000001,1.2666666666666666,1360.7759999999998,0.002094393199174589,0.0027925242655661184,0.2094393199174589,0.2792524265566118,0.19569195974534814,5.110071978947369
2134,Sweet Potato,2.85,3.0,0.75,"Sweet potato, NFS",0.14,619.0,PUFA 18:3,G,0.9500000000000001,1.2666666666666666,1360.7759999999998,0.002094393199174589,0.0027925242655661184,0.2094393199174589,0.2792524265566118,1.9946601896900842,0.5013385263157896
2135,Sweet Potato,2.85,3.0,0.75,"Sweet potato, NFS",0.002,620.0,PUFA 20:4,G,0.9500000000000001,1.2666666666666666,1360.7759999999998,0.002094393199174589,0.0027925242655661184,0.2094393199174589,0.2792524265566118,139.6262132783059,0.007161978947368421
2136,Sweet Potato,2.85,3.0,0.75,"Sweet potato, NFS",10.6,421.0,"Choline, total",MG,0.9500000000000001,1.2666666666666666,1360.7759999999998,0.002094393199174589,0.0027925242655661184,0.2094393199174589,0.2792524265566118,0.026344568543076586,37.95848842105263
2137,Sweet Potato,2.85,3.0,0.75,"Sweet potato, NFS",4.29,204.0,Total lipid (fat),G,0.9500000000000001,1.2666666666666666,1360.7759999999998,0.002094393199174589,0.0027925242655661184,0.2094393199174589,0.2792524265566118,0.06509380572415194,15.362444842105264
2138,Sweet Potato,2.85,3.0,0.75,"Sweet potato, NFS",1.294,646.0,"Fatty acids, total polyunsaturated",G,0.9500000000000001,1.2666666666666666,1360.7759999999998,0.002094393199174589,0.0027925242655661184,0.2094393199174589,0.2792524265566118,0.21580558466507868,4.6338003789473685
2139,Sweet Potato,2.85,3.0,0.75,"Sweet potato, NFS",0.0,573.0,"Vitamin E, added",MG,0.9500000000000001,1.2666666666666666,1360.7759999999998,0.002094393199174589,0.0027925242655661184,0.2094393199174589,0.2792524265566118,inf,0.0
2140,Sweet Potato,2.85,3.0,0.75,"Sweet potato, NFS",0.021,608.0,SFA 6:0,G,0.9500000000000001,1.2666666666666666,1360.7759999999998,0.002094393199174589,0.0027925242655661184,0.2094393199174589,0.2792524265566118,13.297734597933895,0.07520077894736843
2141,Sweet Potato,2.85,3.0,0.75,"Sweet potato, NFS",0.0,263.0,Theobromine,MG,0.9500000000000001,1.2666666666666666,1360.7759999999998,0.002094393199174589,0.0027925242655661184,0.2094393199174589,0.2792524265566118,inf,0.0
2142,Sweet Potato,2.85,3.0,0.75,"Sweet potato, NFS",0.012,609.0,SFA 8:0,G,0.9500000000000001,1.2666666666666666,1360.7759999999998,0.002094393199174589,0.0027925242655661184,0.2094393199174589,0.2792524265566118,23.27103554638432,0.04297187368421053
2143,Sweet Potato,2.85,3.0,0.75,"Sweet potato, NFS",6.0,417.0,"Folate, total",UG,0.9500000000000001,1.2666666666666666,1360.7759999999998,0.002094393199174589,0.0027925242655661184,0.2094393199174589,0.2792524265566118,0.04654207109276864,21.485936842105264
2144,Sweet Potato,2.85,3.0,0.75,"Sweet potato, NFS",0.2,317.0,"Selenium, Se",UG,0.9500000000000001,1.2666666666666666,1360.7759999999998,0.002094393199174589,0.0027925242655661184,0.2094393199174589,0.2792524265566118,1.3962621327830589,0.7161978947368421
2145,Sweet Potato,2.85,3.0,0.75,"Sweet potato, NFS",0.0,322.0,"Carotene, alpha",UG,0.9500000000000001,1.2666666666666666,1360.7759999999998,0.002094393199174589,0.0027925242655661184,0.2094393199174589,0.2792524265566118,inf,0.0
2146,Sweet Potato,2.85,3.0,0.75,"Sweet potato, NFS",12.1,401.0,"Vitamin C, total ascorbic acid",MG,0.9500000000000001,1.2666666666666666,1360.7759999999998,0.002094393199174589,0.0027925242655661184,0.2094393199174589,0.2792524265566118,0.02307871293856296,43.32997263157895
2147,Sweet Potato,2.85,3.0,0.75,"Sweet potato, NFS",0.089,312.0,"Copper, Cu",MG,0.9500000000000001,1.2666666666666666,1360.7759999999998,0.002094393199174589,0.0027925242655661184,0.2094393199174589,0.2792524265566118,3.137667714119234,0.31870806315789474
2148,Sweet Potato,2.85,3.0,0.75,"Sweet potato, NFS",0.69,303.0,"Iron, Fe",MG,0.9500000000000001,1.2666666666666666,1360.7759999999998,0.002094393199174589,0.0027925242655661184,0.2094393199174589,0.2792524265566118,0.40471366167624906,2.470882736842105
2149,Sweet Potato,2.85,3.0,0.75,"Sweet potato, NFS",0.0,431.0,Folic acid,UG,0.9500000000000001,1.2666666666666666,1360.7759999999998,0.002094393199174589,0.0027925242655661184,0.2094393199174589,0.2792524265566118,inf,0.0
2150,Sweet Potato,2.85,3.0,0.75,"Sweet potato, NFS",0.0,621.0,PUFA 22:6 n-3 (DHA),G,0.9500000000000001,1.2666666666666666,1360.7759999999998,0.002094393199174589,0.0027925242655661184,0.2094393199174589,0.2792524265566118,inf,0.0
2151,Sweet Potato,2.85,3.0,0.75,"Sweet potato, NFS",219.0,306.0,"Potassium, K",MG,0.9500000000000001,1.2666666666666666,1360.7759999999998,0.002094393199174589,0.0027925242655661184,0.2094393199174589,0.2792524265566118,0.0012751252354183187,784.2366947368421
2152,Sweet Potato,2.85,3.0,0.75,"Sweet potato, NFS",110.0,208.0,Energy,KCAL,0.9500000000000001,1.2666666666666666,1360.7759999999998,0.002094393199174589,0.0027925242655661184,0.2094393199174589,0.2792524265566118,0.0025386584232419255,393.90884210526315
2153,Cauliflower,1.99,0.75,1.0,"Cauliflower, raw",1.0,338.0,Lutein + zeaxanthin,UG,2.6533333333333333,2.6533333333333333,340.19399999999996,0.0058496034615542905,0.0058496034615542905,0.584960346155429,0.584960346155429,0.584960346155429,1.7095175879396982
2154,Cauliflower,1.99,0.75,1.0,"Cauliflower, raw",0.05,404.0,Thiamin,MG,2.6533333333333333,2.6533333333333333,340.19399999999996,0.0058496034615542905,0.0058496034615542905,0.584960346155429,0.584960346155429,11.69920692310858,0.08547587939698492
2155,Cauliflower,1.99,0.75,1.0,"Cauliflower, raw",299.0,306.0,"Potassium, K",MG,2.6533333333333333,2.6533333333333333,340.19399999999996,0.0058496034615542905,0.0058496034615542905,0.584960346155429,0.584960346155429,0.0019563891175766856,511.1457587939698
2156,Cauliflower,1.99,0.75,1.0,"Cauliflower, raw",0.27,309.0,"Zinc, Zn",MG,2.6533333333333333,2.6533333333333333,340.19399999999996,0.0058496034615542905,0.0058496034615542905,0.584960346155429,0.584960346155429,2.1665198005756627,0.4615697487437186
2157,Cauliflower,1.99,0.75,1.0,"Cauliflower, raw",0.0,319.0,Retinol,UG,2.6533333333333333,2.6533333333333333,340.19399999999996,0.0058496034615542905,0.0058496034615542905,0.584960346155429,0.584960346155429,inf,0.0
2158,Cauliflower,1.99,0.75,1.0,"Cauliflower, raw",0.0,630.0,MUFA 22:1,G,2.6533333333333333,2.6533333333333333,340.19399999999996,0.0058496034615542905,0.0058496034615542905,0.584960346155429,0.584960346155429,inf,0.0
2159,Cauliflower,1.99,0.75,1.0,"Cauliflower, raw",57.0,432.0,"Folate, food",UG,2.6533333333333333,2.6533333333333333,340.19399999999996,0.0058496034615542905,0.0058496034615542905,0.584960346155429,0.584960346155429,0.01026246221325314,97.4425025125628
2160,Cauliflower,1.99,0.75,1.0,"Cauliflower, raw",0.0,573.0,"Vitamin E, added",MG,2.6533333333333333,2.6533333333333333,340.19399999999996,0.0058496034615542905,0.0058496034615542905,0.584960346155429,0.584960346155429,inf,0.0
2161,Cauliflower,1.99,0.75,1.0,"Cauliflower, raw",0.031,646.0,"Fatty acids, total polyunsaturated",G,2.6533333333333333,2.6533333333333333,340.19399999999996,0.0058496034615542905,0.0058496034615542905,0.584960346155429,0.584960346155429,18.869688585659002,0.052995045226130646
2162,Cauliflower,1.99,0.75,1.0,"Cauliflower, raw",0.0,337.0,Lycopene,UG,2.6533333333333333,2.6533333333333333,340.19399999999996,0.0058496034615542905,0.0058496034615542905,0.584960346155429,0.584960346155429,inf,0.0
2163,Cauliflower,1.99,0.75,1.0,"Cauliflower, raw",15.0,304.0,"Magnesium, Mg",MG,2.6533333333333333,2.6533333333333333,340.19399999999996,0.0058496034615542905,0.0058496034615542905,0.584960346155429,0.584960346155429,0.038997356410361936,25.642763819095475
2164,Cauliflower,1.99,0.75,1.0,"Cauliflower, raw",0.039,312.0,"Copper, Cu",MG,2.6533333333333333,2.6533333333333333,340.19399999999996,0.0058496034615542905,0.0058496034615542905,0.584960346155429,0.584960346155429,14.99898323475459,0.06667118592964823
2165,Cauliflower,1.99,0.75,1.0,"Cauliflower, raw",0.0,609.0,SFA 8:0,G,2.6533333333333333,2.6533333333333333,340.19399999999996,0.0058496034615542905,0.0058496034615542905,0.584960346155429,0.584960346155429,inf,0.0
2166,Cauliflower,1.99,0.75,1.0,"Cauliflower, raw",0.0,418.0,Vitamin B-12,UG,2.6533333333333333,2.6533333333333333,340.19399999999996,0.0058496034615542905,0.0058496034615542905,0.584960346155429,0.584960346155429,inf,0.0
2167,Cauliflower,1.99,0.75,1.0,"Cauliflower, raw",0.0,334.0,"Cryptoxanthin, beta",UG,2.6533333333333333,2.6533333333333333,340.19399999999996,0.0058496034615542905,0.0058496034615542905,0.584960346155429,0.584960346155429,inf,0.0
2168,Cauliflower,1.99,0.75,1.0,"Cauliflower, raw",48.2,401.0,"Vitamin C, total ascorbic acid",MG,2.6533333333333333,2.6533333333333333,340.19399999999996,0.0058496034615542905,0.0058496034615542905,0.584960346155429,0.584960346155429,0.012136106766710146,82.39874773869346
2169,Cauliflower,1.99,0.75,1.0,"Cauliflower, raw",0.0,611.0,SFA 12:0,G,2.6533333333333333,2.6533333333333333,340.19399999999996,0.0058496034615542905,0.0058496034615542905,0.584960346155429,0.584960346155429,inf,0.0
2170,Cauliflower,1.99,0.75,1.0,"Cauliflower, raw",0.0,607.0,SFA 4:0,G,2.6533333333333333,2.6533333333333333,340.19399999999996,0.0058496034615542905,0.0058496034615542905,0.584960346155429,0.584960346155429,inf,0.0
2171,Cauliflower,1.99,0.75,1.0,"Cauliflower, raw",0.6,317.0,"Selenium, Se",UG,2.6533333333333333,2.6533333333333333,340.19399999999996,0.0058496034615542905,0.0058496034615542905,0.584960346155429,0.584960346155429,0.9749339102590484,1.0257105527638188
2172,Cauliflower,1.99,0.75,1.0,"Cauliflower, raw",0.08,323.0,Vitamin E (alpha-tocopherol),MG,2.6533333333333333,2.6533333333333333,340.19399999999996,0.0058496034615542905,0.0058496034615542905,0.584960346155429,0.584960346155429,7.312004326942863,0.13676140703517586
2173,Cauliflower,1.99,0.75,1.0,"Cauliflower, raw",0.42,303.0,"Iron, Fe",MG,2.6533333333333333,2.6533333333333333,340.19399999999996,0.0058496034615542905,0.0058496034615542905,0.584960346155429,0.584960346155429,1.3927627289414977,0.7179973869346733
2174,Cauliflower,1.99,0.75,1.0,"Cauliflower, raw",0.0,628.0,MUFA 20:1,G,2.6533333333333333,2.6533333333333333,340.19399999999996,0.0058496034615542905,0.0058496034615542905,0.584960346155429,0.584960346155429,inf,0.0
2175,Cauliflower,1.99,0.75,1.0,"Cauliflower, raw",44.3,421.0,"Choline, total",MG,2.6533333333333333,2.6533333333333333,340.19399999999996,0.0058496034615542905,0.0058496034615542905,0.584960346155429,0.584960346155429,0.013204522486578534,75.73162914572863
2176,Cauliflower,1.99,0.75,1.0,"Cauliflower, raw",0.034,645.0,"Fatty acids, total monounsaturated",G,2.6533333333333333,2.6533333333333333,340.19399999999996,0.0058496034615542905,0.0058496034615542905,0.584960346155429,0.584960346155429,17.20471606339497,0.058123597989949746
2177,Cauliflower,1.99,0.75,1.0,"Cauliflower, raw",0.0,621.0,PUFA 22:6 n-3 (DHA),G,2.6533333333333333,2.6533333333333333,340.19399999999996,0.0058496034615542905,0.0058496034615542905,0.584960346155429,0.584960346155429,inf,0.0
2178,Cauliflower,1.99,0.75,1.0,"Cauliflower, raw",0.0,627.0,PUFA 18:4,G,2.6533333333333333,2.6533333333333333,340.19399999999996,0.0058496034615542905,0.0058496034615542905,0.584960346155429,0.584960346155429,inf,0.0
2179,Cauliflower,1.99,0.75,1.0,"Cauliflower, raw",92.07,255.0,Water,G,2.6533333333333333,2.6533333333333333,340.19399999999996,0.0058496034615542905,0.0058496034615542905,0.584960346155429,0.584960346155429,0.006353430500221887,157.39528432160802
2180,Cauliflower,1.99,0.75,1.0,"Cauliflower, raw",15.5,430.0,Vitamin K (phylloquinone),UG,2.6533333333333333,2.6533333333333333,340.19399999999996,0.0058496034615542905,0.0058496034615542905,0.584960346155429,0.584960346155429,0.037739377171318,26.497522613065325
2181,Cauliflower,1.99,0.75,1.0,"Cauliflower, raw",1.92,203.0,Protein,G,2.6533333333333333,2.6533333333333333,340.19399999999996,0.0058496034615542905,0.0058496034615542905,0.584960346155429,0.584960346155429,0.30466684695595264,3.2822737688442207
2182,Cauliflower,1.99,0.75,1.0,"Cauliflower, raw",25.0,208.0,Energy,KCAL,2.6533333333333333,2.6533333333333333,340.19399999999996,0.0058496034615542905,0.0058496034615542905,0.584960346155429,0.584960346155429,0.023398413846217162,42.73793969849246
2183,Cauliflower,1.99,0.75,1.0,"Cauliflower, raw",0.184,415.0,Vitamin B-6,MG,2.6533333333333333,2.6533333333333333,340.19399999999996,0.0058496034615542905,0.0058496034615542905,0.584960346155429,0.584960346155429,3.1791323160621143,0.31455123618090447
2184,Cauliflower,1.99,0.75,1.0,"Cauliflower, raw",0.009,614.0,SFA 18:0,G,2.6533333333333333,2.6533333333333333,340.19399999999996,0.0058496034615542905,0.0058496034615542905,0.584960346155429,0.584960346155429,64.9955940172699,0.015385658291457284
2185,Cauliflower,1.99,0.75,1.0,"Cauliflower, raw",0.093,613.0,SFA 16:0,G,2.6533333333333333,2.6533333333333333,340.19399999999996,0.0058496034615542905,0.0058496034615542905,0.584960346155429,0.584960346155429,6.289896195219667,0.15898513567839195
2186,Cauliflower,1.99,0.75,1.0,"Cauliflower, raw",57.0,435.0,"Folate, DFE",UG,2.6533333333333333,2.6533333333333333,340.19399999999996,0.0058496034615542905,0.0058496034615542905,0.584960346155429,0.584960346155429,0.01026246221325314,97.4425025125628
2187,Cauliflower,1.99,0.75,1.0,"Cauliflower, raw",0.0,578.0,"Vitamin B-12, added",UG,2.6533333333333333,2.6533333333333333,340.19399999999996,0.0058496034615542905,0.0058496034615542905,0.584960346155429,0.584960346155429,inf,0.0
2188,Cauliflower,1.99,0.75,1.0,"Cauliflower, raw",4.97,205.0,"Carbohydrate, by difference",G,2.6533333333333333,2.6533333333333333,340.19399999999996,0.0058496034615542905,0.0058496034615542905,0.584960346155429,0.584960346155429,0.11769825878378855,8.4963024120603
2189,Cauliflower,1.99,0.75,1.0,"Cauliflower, raw",0.018,610.0,SFA 10:0,G,2.6533333333333333,2.6533333333333333,340.19399999999996,0.0058496034615542905,0.0058496034615542905,0.584960346155429,0.584960346155429,32.49779700863495,0.030771316582914567
2190,Cauliflower,1.99,0.75,1.0,"Cauliflower, raw",30.0,307.0,"Sodium, Na",MG,2.6533333333333333,2.6533333333333333,340.19399999999996,0.0058496034615542905,0.0058496034615542905,0.584960346155429,0.584960346155429,0.019498678205180968,51.28552763819095
2191,Cauliflower,1.99,0.75,1.0,"Cauliflower, raw",0.0,431.0,Folic acid,UG,2.6533333333333333,2.6533333333333333,340.19399999999996,0.0058496034615542905,0.0058496034615542905,0.584960346155429,0.584960346155429,inf,0.0
2192,Cauliflower,1.99,0.75,1.0,"Cauliflower, raw",0.0,631.0,PUFA 22:5 n-3 (DPA),G,2.6533333333333333,2.6533333333333333,340.19399999999996,0.0058496034615542905,0.0058496034615542905,0.584960346155429,0.584960346155429,inf,0.0
2193,Cauliflower,1.99,0.75,1.0,"Cauliflower, raw",0.0,221.0,"Alcohol, ethyl",G,2.6533333333333333,2.6533333333333333,340.19399999999996,0.0058496034615542905,0.0058496034615542905,0.584960346155429,0.584960346155429,inf,0.0
2194,Cauliflower,1.99,0.75,1.0,"Cauliflower, raw",44.0,305.0,"Phosphorus, P",MG,2.6533333333333333,2.6533333333333333,340.19399999999996,0.0058496034615542905,0.0058496034615542905,0.584960346155429,0.584960346155429,0.013294553321714296,75.21877386934672
2195,Cauliflower,1.99,0.75,1.0,"Cauliflower, raw",57.0,417.0,"Folate, total",UG,2.6533333333333333,2.6533333333333333,340.19399999999996,0.0058496034615542905,0.0058496034615542905,0.584960346155429,0.584960346155429,0.01026246221325314,97.4425025125628
2196,Cauliflower,1.99,0.75,1.0,"Cauliflower, raw",0.0,608.0,SFA 6:0,G,2.6533333333333333,2.6533333333333333,340.19399999999996,0.0058496034615542905,0.0058496034615542905,0.584960346155429,0.584960346155429,inf,0.0
2197,Cauliflower,1.99,0.75,1.0,"Cauliflower, raw",0.027,617.0,MUFA 18:1,G,2.6533333333333333,2.6533333333333333,340.19399999999996,0.0058496034615542905,0.0058496034615542905,0.584960346155429,0.584960346155429,21.66519800575663,0.046156974874371856
2198,Cauliflower,1.99,0.75,1.0,"Cauliflower, raw",0.28,204.0,Total lipid (fat),G,2.6533333333333333,2.6533333333333333,340.19399999999996,0.0058496034615542905,0.0058496034615542905,0.584960346155429,0.584960346155429,2.0891440934122465,0.47866492462311555
2199,Cauliflower,1.99,0.75,1.0,"Cauliflower, raw",0.0,612.0,SFA 14:0,G,2.6533333333333333,2.6533333333333333,340.19399999999996,0.0058496034615542905,0.0058496034615542905,0.584960346155429,0.584960346155429,inf,0.0
2200,Cauliflower,1.99,0.75,1.0,"Cauliflower, raw",0.016,618.0,PUFA 18:2,G,2.6533333333333333,2.6533333333333333,340.19399999999996,0.0058496034615542905,0.0058496034615542905,0.584960346155429,0.584960346155429,36.56002163471431,0.027352281407035172
2201,Cauliflower,1.99,0.75,1.0,"Cauliflower, raw",0.507,406.0,Niacin,MG,2.6533333333333333,2.6533333333333333,340.19399999999996,0.0058496034615542905,0.0058496034615542905,0.584960346155429,0.584960346155429,1.1537679411349684,0.866725417085427
2202,Cauliflower,1.99,0.75,1.0,"Cauliflower, raw",2.0,291.0,"Fiber, total dietary",G,2.6533333333333333,2.6533333333333333,340.19399999999996,0.0058496034615542905,0.0058496034615542905,0.584960346155429,0.584960346155429,0.2924801730777145,3.4190351758793964
2203,Cauliflower,1.99,0.75,1.0,"Cauliflower, raw",0.0,601.0,Cholesterol,MG,2.6533333333333333,2.6533333333333333,340.19399999999996,0.0058496034615542905,0.0058496034615542905,0.584960346155429,0.584960346155429,inf,0.0
2204,Cauliflower,1.99,0.75,1.0,"Cauliflower, raw",0.06,405.0,Riboflavin,MG,2.6533333333333333,2.6533333333333333,340.19399999999996,0.0058496034615542905,0.0058496034615542905,0.584960346155429,0.584960346155429,9.749339102590485,0.1025710552763819
2205,Cauliflower,1.99,0.75,1.0,"Cauliflower, raw",0.0,328.0,Vitamin D (D2 + D3),UG,2.6533333333333333,2.6533333333333333,340.19399999999996,0.0058496034615542905,0.0058496034615542905,0.584960346155429,0.584960346155429,inf,0.0
2206,Cauliflower,1.99,0.75,1.0,"Cauliflower, raw",0.0,322.0,"Carotene, alpha",UG,2.6533333333333333,2.6533333333333333,340.19399999999996,0.0058496034615542905,0.0058496034615542905,0.584960346155429,0.584960346155429,inf,0.0
2207,Cauliflower,1.99,0.75,1.0,"Cauliflower, raw",0.0,320.0,"Vitamin A, RAE",UG,2.6533333333333333,2.6533333333333333,340.19399999999996,0.0058496034615542905,0.0058496034615542905,0.584960346155429,0.584960346155429,inf,0.0
2208,Cauliflower,1.99,0.75,1.0,"Cauliflower, raw",0.0,262.0,Caffeine,MG,2.6533333333333333,2.6533333333333333,340.19399999999996,0.0058496034615542905,0.0058496034615542905,0.584960346155429,0.584960346155429,inf,0.0
2209,Cauliflower,1.99,0.75,1.0,"Cauliflower, raw",0.003,626.0,MUFA 16:1,G,2.6533333333333333,2.6533333333333333,340.19399999999996,0.0058496034615542905,0.0058496034615542905,0.584960346155429,0.584960346155429,194.98678205180968,0.005128552763819095
2210,Cauliflower,1.99,0.75,1.0,"Cauliflower, raw",22.0,301.0,"Calcium, Ca",MG,2.6533333333333333,2.6533333333333333,340.19399999999996,0.0058496034615542905,0.0058496034615542905,0.584960346155429,0.584960346155429,0.026589106643428593,37.60938693467336
2211,Cauliflower,1.99,0.75,1.0,"Cauliflower, raw",0.0,620.0,PUFA 20:4,G,2.6533333333333333,2.6533333333333333,340.19399999999996,0.0058496034615542905,0.0058496034615542905,0.584960346155429,0.584960346155429,inf,0.0
2212,Cauliflower,1.99,0.75,1.0,"Cauliflower, raw",1.91,269.0,"Sugars, Total",G,2.6533333333333333,2.6533333333333333,340.19399999999996,0.0058496034615542905,0.0058496034615542905,0.584960346155429,0.584960346155429,0.30626196133792094,3.2651785929648236
2213,Cauliflower,1.99,0.75,1.0,"Cauliflower, raw",0.13,606.0,"Fatty acids, total saturated",G,2.6533333333333333,2.6533333333333333,340.19399999999996,0.0058496034615542905,0.0058496034615542905,0.584960346155429,0.584960346155429,4.499694970426377,0.22223728643216079
2214,Cauliflower,1.99,0.75,1.0,"Cauliflower, raw",0.0,263.0,Theobromine,MG,2.6533333333333333,2.6533333333333333,340.19399999999996,0.0058496034615542905,0.0058496034615542905,0.584960346155429,0.584960346155429,inf,0.0
2215,Cauliflower,1.99,0.75,1.0,"Cauliflower, raw",0.015,619.0,PUFA 18:3,G,2.6533333333333333,2.6533333333333333,340.19399999999996,0.0058496034615542905,0.0058496034615542905,0.584960346155429,0.584960346155429,38.99735641036194,0.025642763819095474
2216,Cauliflower,1.99,0.75,1.0,"Cauliflower, raw",0.0,321.0,"Carotene, beta",UG,2.6533333333333333,2.6533333333333333,340.19399999999996,0.0058496034615542905,0.0058496034615542905,0.584960346155429,0.584960346155429,inf,0.0
2217,Cauliflower,1.99,0.75,1.0,"Cauliflower, raw",0.0,629.0,PUFA 20:5 n-3 (EPA),G,2.6533333333333333,2.6533333333333333,340.19399999999996,0.0058496034615542905,0.0058496034615542905,0.584960346155429,0.584960346155429,inf,0.0
2218,Asparagus,3.29,1.0,1.0,"Asparagus, raw",202.0,306.0,"Potassium, K",MG,3.29,3.29,453.592,0.007253214342404628,0.007253214342404628,0.7253214342404628,0.7253214342404628,0.0035907001695072416,278.4972158054711
2219,Asparagus,3.29,1.0,1.0,"Asparagus, raw",0.54,309.0,"Zinc, Zn",MG,3.29,3.29,453.592,0.007253214342404628,0.007253214342404628,0.7253214342404628,0.7253214342404628,1.343187841186042,0.7444975075987842
2220,Asparagus,3.29,1.0,1.0,"Asparagus, raw",2.1,291.0,"Fiber, total dietary",G,3.29,3.29,453.592,0.007253214342404628,0.007253214342404628,0.7253214342404628,0.7253214342404628,0.34539115916212515,2.895268085106383
2221,Asparagus,3.29,1.0,1.0,"Asparagus, raw",0.0,620.0,PUFA 20:4,G,3.29,3.29,453.592,0.007253214342404628,0.007253214342404628,0.7253214342404628,0.7253214342404628,inf,0.0
2222,Asparagus,3.29,1.0,1.0,"Asparagus, raw",710.0,338.0,Lutein + zeaxanthin,UG,3.29,3.29,453.592,0.007253214342404628,0.007253214342404628,0.7253214342404628,0.7253214342404628,0.0010215794848457223,978.8763525835866
2223,Asparagus,3.29,1.0,1.0,"Asparagus, raw",0.04,606.0,"Fatty acids, total saturated",G,3.29,3.29,453.592,0.007253214342404628,0.007253214342404628,0.7253214342404628,0.7253214342404628,18.13303585601157,0.05514796352583587
2224,Asparagus,3.29,1.0,1.0,"Asparagus, raw",0.0,629.0,PUFA 20:5 n-3 (EPA),G,3.29,3.29,453.592,0.007253214342404628,0.007253214342404628,0.7253214342404628,0.7253214342404628,inf,0.0
2225,Asparagus,3.29,1.0,1.0,"Asparagus, raw",0.0,631.0,PUFA 22:5 n-3 (DPA),G,3.29,3.29,453.592,0.007253214342404628,0.007253214342404628,0.7253214342404628,0.7253214342404628,inf,0.0
2226,Asparagus,3.29,1.0,1.0,"Asparagus, raw",0.12,204.0,Total lipid (fat),G,3.29,3.29,453.592,0.007253214342404628,0.007253214342404628,0.7253214342404628,0.7253214342404628,6.04434528533719,0.16544389057750758
2227,Asparagus,3.29,1.0,1.0,"Asparagus, raw",0.0,628.0,MUFA 20:1,G,3.29,3.29,453.592,0.007253214342404628,0.007253214342404628,0.7253214342404628,0.7253214342404628,inf,0.0
2228,Asparagus,3.29,1.0,1.0,"Asparagus, raw",52.0,305.0,"Phosphorus, P",MG,3.29,3.29,453.592,0.007253214342404628,0.007253214342404628,0.7253214342404628,0.7253214342404628,0.0139484891200089,71.69235258358663
2229,Asparagus,3.29,1.0,1.0,"Asparagus, raw",0.0,578.0,"Vitamin B-12, added",UG,3.29,3.29,453.592,0.007253214342404628,0.007253214342404628,0.7253214342404628,0.7253214342404628,inf,0.0
2230,Asparagus,3.29,1.0,1.0,"Asparagus, raw",38.0,320.0,"Vitamin A, RAE",UG,3.29,3.29,453.592,0.007253214342404628,0.007253214342404628,0.7253214342404628,0.7253214342404628,0.019087406164222706,52.39056534954407
2231,Asparagus,3.29,1.0,1.0,"Asparagus, raw",0.0,608.0,SFA 6:0,G,3.29,3.29,453.592,0.007253214342404628,0.007253214342404628,0.7253214342404628,0.7253214342404628,inf,0.0
2232,Asparagus,3.29,1.0,1.0,"Asparagus, raw",2.14,303.0,"Iron, Fe",MG,3.29,3.29,453.592,0.007253214342404628,0.007253214342404628,0.7253214342404628,0.7253214342404628,0.33893524964507604,2.950416048632219
2233,Asparagus,3.29,1.0,1.0,"Asparagus, raw",0.0,630.0,MUFA 22:1,G,3.29,3.29,453.592,0.007253214342404628,0.007253214342404628,0.7253214342404628,0.7253214342404628,inf,0.0
2234,Asparagus,3.29,1.0,1.0,"Asparagus, raw",0.0,601.0,Cholesterol,MG,3.29,3.29,453.592,0.007253214342404628,0.007253214342404628,0.7253214342404628,0.7253214342404628,inf,0.0
2235,Asparagus,3.29,1.0,1.0,"Asparagus, raw",0.0,263.0,Theobromine,MG,3.29,3.29,453.592,0.007253214342404628,0.007253214342404628,0.7253214342404628,0.7253214342404628,inf,0.0
2236,Asparagus,3.29,1.0,1.0,"Asparagus, raw",9.0,322.0,"Carotene, alpha",UG,3.29,3.29,453.592,0.007253214342404628,0.007253214342404628,0.7253214342404628,0.7253214342404628,0.08059127047116253,12.40829179331307
2237,Asparagus,3.29,1.0,1.0,"Asparagus, raw",0.141,405.0,Riboflavin,MG,3.29,3.29,453.592,0.007253214342404628,0.007253214342404628,0.7253214342404628,0.7253214342404628,5.144123647095482,0.19439657142857142
2238,Asparagus,3.29,1.0,1.0,"Asparagus, raw",0.0,621.0,PUFA 22:6 n-3 (DHA),G,3.29,3.29,453.592,0.007253214342404628,0.007253214342404628,0.7253214342404628,0.7253214342404628,inf,0.0
2239,Asparagus,3.29,1.0,1.0,"Asparagus, raw",0.0,609.0,SFA 8:0,G,3.29,3.29,453.592,0.007253214342404628,0.007253214342404628,0.7253214342404628,0.7253214342404628,inf,0.0
2240,Asparagus,3.29,1.0,1.0,"Asparagus, raw",0.0,337.0,Lycopene,UG,3.29,3.29,453.592,0.007253214342404628,0.007253214342404628,0.7253214342404628,0.7253214342404628,inf,0.0
2241,Asparagus,3.29,1.0,1.0,"Asparagus, raw",0.0,627.0,PUFA 18:4,G,3.29,3.29,453.592,0.007253214342404628,0.007253214342404628,0.7253214342404628,0.7253214342404628,inf,0.0
2242,Asparagus,3.29,1.0,1.0,"Asparagus, raw",14.0,304.0,"Magnesium, Mg",MG,3.29,3.29,453.592,0.007253214342404628,0.007253214342404628,0.7253214342404628,0.7253214342404628,0.05180867387431877,19.301787234042553
2243,Asparagus,3.29,1.0,1.0,"Asparagus, raw",0.0,573.0,"Vitamin E, added",MG,3.29,3.29,453.592,0.007253214342404628,0.007253214342404628,0.7253214342404628,0.7253214342404628,inf,0.0
2244,Asparagus,3.29,1.0,1.0,"Asparagus, raw",0.0,319.0,Retinol,UG,3.29,3.29,453.592,0.007253214342404628,0.007253214342404628,0.7253214342404628,0.7253214342404628,inf,0.0
2245,Asparagus,3.29,1.0,1.0,"Asparagus, raw",0.01,619.0,PUFA 18:3,G,3.29,3.29,453.592,0.007253214342404628,0.007253214342404628,0.7253214342404628,0.7253214342404628,72.53214342404628,0.013786990881458967
2246,Asparagus,3.29,1.0,1.0,"Asparagus, raw",0.05,646.0,"Fatty acids, total polyunsaturated",G,3.29,3.29,453.592,0.007253214342404628,0.007253214342404628,0.7253214342404628,0.7253214342404628,14.506428684809256,0.06893495440729483
2247,Asparagus,3.29,1.0,1.0,"Asparagus, raw",0.0,611.0,SFA 12:0,G,3.29,3.29,453.592,0.007253214342404628,0.007253214342404628,0.7253214342404628,0.7253214342404628,inf,0.0
2248,Asparagus,3.29,1.0,1.0,"Asparagus, raw",0.0,612.0,SFA 14:0,G,3.29,3.29,453.592,0.007253214342404628,0.007253214342404628,0.7253214342404628,0.7253214342404628,inf,0.0
2249,Asparagus,3.29,1.0,1.0,"Asparagus, raw",0.0,418.0,Vitamin B-12,UG,3.29,3.29,453.592,0.007253214342404628,0.007253214342404628,0.7253214342404628,0.7253214342404628,inf,0.0
2250,Asparagus,3.29,1.0,1.0,"Asparagus, raw",52.0,417.0,"Folate, total",UG,3.29,3.29,453.592,0.007253214342404628,0.007253214342404628,0.7253214342404628,0.7253214342404628,0.0139484891200089,71.69235258358663
2251,Asparagus,3.29,1.0,1.0,"Asparagus, raw",0.0,328.0,Vitamin D (D2 + D3),UG,3.29,3.29,453.592,0.007253214342404628,0.007253214342404628,0.7253214342404628,0.7253214342404628,inf,0.0
2252,Asparagus,3.29,1.0,1.0,"Asparagus, raw",1.88,269.0,"Sugars, Total",G,3.29,3.29,453.592,0.007253214342404628,0.007253214342404628,0.7253214342404628,0.7253214342404628,0.3858092735321611,2.5919542857142854
2253,Asparagus,3.29,1.0,1.0,"Asparagus, raw",0.0,221.0,"Alcohol, ethyl",G,3.29,3.29,453.592,0.007253214342404628,0.007253214342404628,0.7253214342404628,0.7253214342404628,inf,0.0
2254,Asparagus,3.29,1.0,1.0,"Asparagus, raw",0.143,404.0,Thiamin,MG,3.29,3.29,453.592,0.007253214342404628,0.007253214342404628,0.7253214342404628,0.7253214342404628,5.072177861821419,0.1971539696048632
2255,Asparagus,3.29,1.0,1.0,"Asparagus, raw",0.0,431.0,Folic acid,UG,3.29,3.29,453.592,0.007253214342404628,0.007253214342404628,0.7253214342404628,0.7253214342404628,inf,0.0
2256,Asparagus,3.29,1.0,1.0,"Asparagus, raw",52.0,435.0,"Folate, DFE",UG,3.29,3.29,453.592,0.007253214342404628,0.007253214342404628,0.7253214342404628,0.7253214342404628,0.0139484891200089,71.69235258358663
2257,Asparagus,3.29,1.0,1.0,"Asparagus, raw",0.04,613.0,SFA 16:0,G,3.29,3.29,453.592,0.007253214342404628,0.007253214342404628,0.7253214342404628,0.7253214342404628,18.13303585601157,0.05514796352583587
2258,Asparagus,3.29,1.0,1.0,"Asparagus, raw",0.0,614.0,SFA 18:0,G,3.29,3.29,453.592,0.007253214342404628,0.007253214342404628,0.7253214342404628,0.7253214342404628,inf,0.0
2259,Asparagus,3.29,1.0,1.0,"Asparagus, raw",0.04,618.0,PUFA 18:2,G,3.29,3.29,453.592,0.007253214342404628,0.007253214342404628,0.7253214342404628,0.7253214342404628,18.13303585601157,0.05514796352583587
2260,Asparagus,3.29,1.0,1.0,"Asparagus, raw",449.0,321.0,"Carotene, beta",UG,3.29,3.29,453.592,0.007253214342404628,0.007253214342404628,0.7253214342404628,0.7253214342404628,0.0016154152210255297,619.0358905775076
2261,Asparagus,3.29,1.0,1.0,"Asparagus, raw",0.978,406.0,Niacin,MG,3.29,3.29,453.592,0.007253214342404628,0.007253214342404628,0.7253214342404628,0.7253214342404628,0.7416374583235816,1.348367708206687
2262,Asparagus,3.29,1.0,1.0,"Asparagus, raw",0.189,312.0,"Copper, Cu",MG,3.29,3.29,453.592,0.007253214342404628,0.007253214342404628,0.7253214342404628,0.7253214342404628,3.837679546245835,0.26057412765957444
2263,Asparagus,3.29,1.0,1.0,"Asparagus, raw",41.6,430.0,Vitamin K (phylloquinone),UG,3.29,3.29,453.592,0.007253214342404628,0.007253214342404628,0.7253214342404628,0.7253214342404628,0.017435611400011125,57.3538820668693
2264,Asparagus,3.29,1.0,1.0,"Asparagus, raw",2.0,307.0,"Sodium, Na",MG,3.29,3.29,453.592,0.007253214342404628,0.007253214342404628,0.7253214342404628,0.7253214342404628,0.3626607171202314,2.7573981762917934
2265,Asparagus,3.29,1.0,1.0,"Asparagus, raw",93.22,255.0,Water,G,3.29,3.29,453.592,0.007253214342404628,0.007253214342404628,0.7253214342404628,0.7253214342404628,0.007780749133667269,128.52232899696048
2266,Asparagus,3.29,1.0,1.0,"Asparagus, raw",0.0,610.0,SFA 10:0,G,3.29,3.29,453.592,0.007253214342404628,0.007253214342404628,0.7253214342404628,0.7253214342404628,inf,0.0
2267,Asparagus,3.29,1.0,1.0,"Asparagus, raw",0.0,626.0,MUFA 16:1,G,3.29,3.29,453.592,0.007253214342404628,0.007253214342404628,0.7253214342404628,0.7253214342404628,inf,0.0
2268,Asparagus,3.29,1.0,1.0,"Asparagus, raw",16.0,421.0,"Choline, total",MG,3.29,3.29,453.592,0.007253214342404628,0.007253214342404628,0.7253214342404628,0.7253214342404628,0.045332589640028925,22.059185410334347
2269,Asparagus,3.29,1.0,1.0,"Asparagus, raw",0.0,262.0,Caffeine,MG,3.29,3.29,453.592,0.007253214342404628,0.007253214342404628,0.7253214342404628,0.7253214342404628,inf,0.0
2270,Asparagus,3.29,1.0,1.0,"Asparagus, raw",3.88,205.0,"Carbohydrate, by difference",G,3.29,3.29,453.592,0.007253214342404628,0.007253214342404628,0.7253214342404628,0.7253214342404628,0.18693851397950073,5.349352462006078
2271,Asparagus,3.29,1.0,1.0,"Asparagus, raw",5.6,401.0,"Vitamin C, total ascorbic acid",MG,3.29,3.29,453.592,0.007253214342404628,0.007253214342404628,0.7253214342404628,0.7253214342404628,0.12952168468579695,7.7207148936170205
2272,Asparagus,3.29,1.0,1.0,"Asparagus, raw",2.2,203.0,Protein,G,3.29,3.29,453.592,0.007253214342404628,0.007253214342404628,0.7253214342404628,0.7253214342404628,0.32969156101839214,3.033137993920973
2273,Asparagus,3.29,1.0,1.0,"Asparagus, raw",0.0,607.0,SFA 4:0,G,3.29,3.29,453.592,0.007253214342404628,0.007253214342404628,0.7253214342404628,0.7253214342404628,inf,0.0
2274,Asparagus,3.29,1.0,1.0,"Asparagus, raw",0.091,415.0,Vitamin B-6,MG,3.29,3.29,453.592,0.007253214342404628,0.007253214342404628,0.7253214342404628,0.7253214342404628,7.970565211433658,0.1254616170212766
2275,Asparagus,3.29,1.0,1.0,"Asparagus, raw",1.13,323.0,Vitamin E (alpha-tocopherol),MG,3.29,3.29,453.592,0.007253214342404628,0.007253214342404628,0.7253214342404628,0.7253214342404628,0.6418773754340379,1.557929969604863
2276,Asparagus,3.29,1.0,1.0,"Asparagus, raw",0.0,645.0,"Fatty acids, total monounsaturated",G,3.29,3.29,453.592,0.007253214342404628,0.007253214342404628,0.7253214342404628,0.7253214342404628,inf,0.0
2277,Asparagus,3.29,1.0,1.0,"Asparagus, raw",2.3,317.0,"Selenium, Se",UG,3.29,3.29,453.592,0.007253214342404628,0.007253214342404628,0.7253214342404628,0.7253214342404628,0.31535714532194037,3.171007902735562
2278,Asparagus,3.29,1.0,1.0,"Asparagus, raw",52.0,432.0,"Folate, food",UG,3.29,3.29,453.592,0.007253214342404628,0.007253214342404628,0.7253214342404628,0.7253214342404628,0.0139484891200089,71.69235258358663
2279,Asparagus,3.29,1.0,1.0,"Asparagus, raw",0.0,334.0,"Cryptoxanthin, beta",UG,3.29,3.29,453.592,0.007253214342404628,0.007253214342404628,0.7253214342404628,0.7253214342404628,inf,0.0
2280,Asparagus,3.29,1.0,1.0,"Asparagus, raw",24.0,301.0,"Calcium, Ca",MG,3.29,3.29,453.592,0.007253214342404628,0.007253214342404628,0.7253214342404628,0.7253214342404628,0.03022172642668595,33.08877811550152
2281,Asparagus,3.29,1.0,1.0,"Asparagus, raw",20.0,208.0,Energy,KCAL,3.29,3.29,453.592,0.007253214342404628,0.007253214342404628,0.7253214342404628,0.7253214342404628,0.03626607171202314,27.57398176291793
2282,Asparagus,3.29,1.0,1.0,"Asparagus, raw",0.0,617.0,MUFA 18:1,G,3.29,3.29,453.592,0.007253214342404628,0.007253214342404628,0.7253214342404628,0.7253214342404628,inf,0.0
2283,Mushrooms,1.65,0.5,1.0,"Mushrooms, raw",0.0,621.0,PUFA 22:6 n-3 (DHA),G,3.3,3.3,226.796,0.007275260586606465,0.007275260586606465,0.7275260586606466,0.7275260586606466,inf,0.0
2284,Mushrooms,1.65,0.5,1.0,"Mushrooms, raw",0.0,631.0,PUFA 22:5 n-3 (DPA),G,3.3,3.3,226.796,0.007275260586606465,0.007275260586606465,0.7275260586606466,0.7275260586606466,inf,0.0
2285,Mushrooms,1.65,0.5,1.0,"Mushrooms, raw",0.0,645.0,"Fatty acids, total monounsaturated",G,3.3,3.3,226.796,0.007275260586606465,0.007275260586606465,0.7275260586606466,0.7275260586606466,inf,0.0
2286,Mushrooms,1.65,0.5,1.0,"Mushrooms, raw",0.0,626.0,MUFA 16:1,G,3.3,3.3,226.796,0.007275260586606465,0.007275260586606465,0.7275260586606466,0.7275260586606466,inf,0.0
2287,Mushrooms,1.65,0.5,1.0,"Mushrooms, raw",0.16,646.0,"Fatty acids, total polyunsaturated",G,3.3,3.3,226.796,0.007275260586606465,0.007275260586606465,0.7275260586606466,0.7275260586606466,4.547037866629041,0.21992339393939395
2288,Mushrooms,1.65,0.5,1.0,"Mushrooms, raw",0.0,627.0,PUFA 18:4,G,3.3,3.3,226.796,0.007275260586606465,0.007275260586606465,0.7275260586606466,0.7275260586606466,inf,0.0
2289,Mushrooms,1.65,0.5,1.0,"Mushrooms, raw",0.0,629.0,PUFA 20:5 n-3 (EPA),G,3.3,3.3,226.796,0.007275260586606465,0.007275260586606465,0.7275260586606466,0.7275260586606466,inf,0.0
2290,Mushrooms,1.65,0.5,1.0,"Mushrooms, raw",0.0,630.0,MUFA 22:1,G,3.3,3.3,226.796,0.007275260586606465,0.007275260586606465,0.7275260586606466,0.7275260586606466,inf,0.0
2291,Mushrooms,1.65,0.5,1.0,"Mushrooms, raw",0.0,620.0,PUFA 20:4,G,3.3,3.3,226.796,0.007275260586606465,0.007275260586606465,0.7275260586606466,0.7275260586606466,inf,0.0
2292,Mushrooms,1.65,0.5,1.0,"Mushrooms, raw",0.0,628.0,MUFA 20:1,G,3.3,3.3,226.796,0.007275260586606465,0.007275260586606465,0.7275260586606466,0.7275260586606466,inf,0.0
2293,Mushrooms,1.65,0.5,1.0,"Mushrooms, raw",0.0,610.0,SFA 10:0,G,3.3,3.3,226.796,0.007275260586606465,0.007275260586606465,0.7275260586606466,0.7275260586606466,inf,0.0
2294,Mushrooms,1.65,0.5,1.0,"Mushrooms, raw",0.01,614.0,SFA 18:0,G,3.3,3.3,226.796,0.007275260586606465,0.007275260586606465,0.7275260586606466,0.7275260586606466,72.75260586606466,0.013745212121212122
2295,Mushrooms,1.65,0.5,1.0,"Mushrooms, raw",0.0,612.0,SFA 14:0,G,3.3,3.3,226.796,0.007275260586606465,0.007275260586606465,0.7275260586606466,0.7275260586606466,inf,0.0
2296,Mushrooms,1.65,0.5,1.0,"Mushrooms, raw",0.053,404.0,Thiamin,MG,3.3,3.3,226.796,0.007275260586606465,0.007275260586606465,0.7275260586606466,0.7275260586606466,13.726906767182012,0.07284962424242424
2297,Mushrooms,1.65,0.5,1.0,"Mushrooms, raw",3.913,406.0,Niacin,MG,3.3,3.3,226.796,0.007275260586606465,0.007275260586606465,0.7275260586606466,0.7275260586606466,0.18592539193985347,5.378501503030303
2298,Mushrooms,1.65,0.5,1.0,"Mushrooms, raw",35.0,417.0,"Folate, total",UG,3.3,3.3,226.796,0.007275260586606465,0.007275260586606465,0.7275260586606466,0.7275260586606466,0.020786458818875617,48.10824242424243
2299,Mushrooms,1.65,0.5,1.0,"Mushrooms, raw",19.0,317.0,"Selenium, Se",UG,3.3,3.3,226.796,0.007275260586606465,0.007275260586606465,0.7275260586606466,0.7275260586606466,0.03829084519266561,26.11590303030303
2300,Mushrooms,1.65,0.5,1.0,"Mushrooms, raw",1.0,291.0,"Fiber, total dietary",G,3.3,3.3,226.796,0.007275260586606465,0.007275260586606465,0.7275260586606466,0.7275260586606466,0.7275260586606466,1.374521212121212
2301,Mushrooms,1.65,0.5,1.0,"Mushrooms, raw",0.35,204.0,Total lipid (fat),G,3.3,3.3,226.796,0.007275260586606465,0.007275260586606465,0.7275260586606466,0.7275260586606466,2.078645881887562,0.4810824242424242
2302,Mushrooms,1.65,0.5,1.0,"Mushrooms, raw",0.04,613.0,SFA 16:0,G,3.3,3.3,226.796,0.007275260586606465,0.007275260586606465,0.7275260586606466,0.7275260586606466,18.188151466516164,0.05498084848484849
2303,Mushrooms,1.65,0.5,1.0,"Mushrooms, raw",0.0,617.0,MUFA 18:1,G,3.3,3.3,226.796,0.007275260586606465,0.007275260586606465,0.7275260586606466,0.7275260586606466,inf,0.0
2304,Mushrooms,1.65,0.5,1.0,"Mushrooms, raw",371.0,306.0,"Potassium, K",MG,3.3,3.3,226.796,0.007275260586606465,0.007275260586606465,0.7275260586606466,0.7275260586606466,0.0019609866810260017,509.9473696969697
2305,Mushrooms,1.65,0.5,1.0,"Mushrooms, raw",0.0,337.0,Lycopene,UG,3.3,3.3,226.796,0.007275260586606465,0.007275260586606465,0.7275260586606466,0.7275260586606466,inf,0.0
2306,Mushrooms,1.65,0.5,1.0,"Mushrooms, raw",0.0,320.0,"Vitamin A, RAE",UG,3.3,3.3,226.796,0.007275260586606465,0.007275260586606465,0.7275260586606466,0.7275260586606466,inf,0.0
2307,Mushrooms,1.65,0.5,1.0,"Mushrooms, raw",0.16,618.0,PUFA 18:2,G,3.3,3.3,226.796,0.007275260586606465,0.007275260586606465,0.7275260586606466,0.7275260586606466,4.547037866629041,0.21992339393939395
2308,Mushrooms,1.65,0.5,1.0,"Mushrooms, raw",6.0,307.0,"Sodium, Na",MG,3.3,3.3,226.796,0.007275260586606465,0.007275260586606465,0.7275260586606466,0.7275260586606466,0.12125434311010776,8.247127272727273
2309,Mushrooms,1.65,0.5,1.0,"Mushrooms, raw",93.0,305.0,"Phosphorus, P",MG,3.3,3.3,226.796,0.007275260586606465,0.007275260586606465,0.7275260586606466,0.7275260586606466,0.007822860845813405,127.83047272727273
2310,Mushrooms,1.65,0.5,1.0,"Mushrooms, raw",35.0,435.0,"Folate, DFE",UG,3.3,3.3,226.796,0.007275260586606465,0.007275260586606465,0.7275260586606466,0.7275260586606466,0.020786458818875617,48.10824242424243
2311,Mushrooms,1.65,0.5,1.0,"Mushrooms, raw",0.0,338.0,Lutein + zeaxanthin,UG,3.3,3.3,226.796,0.007275260586606465,0.007275260586606465,0.7275260586606466,0.7275260586606466,inf,0.0
2312,Mushrooms,1.65,0.5,1.0,"Mushrooms, raw",0.0,609.0,SFA 8:0,G,3.3,3.3,226.796,0.007275260586606465,0.007275260586606465,0.7275260586606466,0.7275260586606466,inf,0.0
2313,Mushrooms,1.65,0.5,1.0,"Mushrooms, raw",0.364,312.0,"Copper, Cu",MG,3.3,3.3,226.796,0.007275260586606465,0.007275260586606465,0.7275260586606466,0.7275260586606466,1.9986979633534248,0.5003257212121212
2314,Mushrooms,1.65,0.5,1.0,"Mushrooms, raw",1.98,269.0,"Sugars, Total",G,3.3,3.3,226.796,0.007275260586606465,0.007275260586606465,0.7275260586606466,0.7275260586606466,0.3674374033639629,2.721552
2315,Mushrooms,1.65,0.5,1.0,"Mushrooms, raw",0.0,431.0,Folic acid,UG,3.3,3.3,226.796,0.007275260586606465,0.007275260586606465,0.7275260586606466,0.7275260586606466,inf,0.0
2316,Mushrooms,1.65,0.5,1.0,"Mushrooms, raw",0.0,328.0,Vitamin D (D2 + D3),UG,3.3,3.3,226.796,0.007275260586606465,0.007275260586606465,0.7275260586606466,0.7275260586606466,inf,0.0
2317,Mushrooms,1.65,0.5,1.0,"Mushrooms, raw",0.0,263.0,Theobromine,MG,3.3,3.3,226.796,0.007275260586606465,0.007275260586606465,0.7275260586606466,0.7275260586606466,inf,0.0
2318,Mushrooms,1.65,0.5,1.0,"Mushrooms, raw",35.0,432.0,"Folate, food",UG,3.3,3.3,226.796,0.007275260586606465,0.007275260586606465,0.7275260586606466,0.7275260586606466,0.020786458818875617,48.10824242424243
2319,Mushrooms,1.65,0.5,1.0,"Mushrooms, raw",0.05,606.0,"Fatty acids, total saturated",G,3.3,3.3,226.796,0.007275260586606465,0.007275260586606465,0.7275260586606466,0.7275260586606466,14.55052117321293,0.06872606060606061
2320,Mushrooms,1.65,0.5,1.0,"Mushrooms, raw",0.082,415.0,Vitamin B-6,MG,3.3,3.3,226.796,0.007275260586606465,0.007275260586606465,0.7275260586606466,0.7275260586606466,8.872269008056666,0.1127107393939394
2321,Mushrooms,1.65,0.5,1.0,"Mushrooms, raw",0.0,319.0,Retinol,UG,3.3,3.3,226.796,0.007275260586606465,0.007275260586606465,0.7275260586606466,0.7275260586606466,inf,0.0
2322,Mushrooms,1.65,0.5,1.0,"Mushrooms, raw",31.0,208.0,Energy,KCAL,3.3,3.3,226.796,0.007275260586606465,0.007275260586606465,0.7275260586606466,0.7275260586606466,0.023468582537440212,42.610157575757576
2323,Mushrooms,1.65,0.5,1.0,"Mushrooms, raw",0.0,262.0,Caffeine,MG,3.3,3.3,226.796,0.007275260586606465,0.007275260586606465,0.7275260586606466,0.7275260586606466,inf,0.0
2324,Mushrooms,1.65,0.5,1.0,"Mushrooms, raw",0.0,334.0,"Cryptoxanthin, beta",UG,3.3,3.3,226.796,0.007275260586606465,0.007275260586606465,0.7275260586606466,0.7275260586606466,inf,0.0
2325,Mushrooms,1.65,0.5,1.0,"Mushrooms, raw",0.0,608.0,SFA 6:0,G,3.3,3.3,226.796,0.007275260586606465,0.007275260586606465,0.7275260586606466,0.7275260586606466,inf,0.0
2326,Mushrooms,1.65,0.5,1.0,"Mushrooms, raw",0.0,619.0,PUFA 18:3,G,3.3,3.3,226.796,0.007275260586606465,0.007275260586606465,0.7275260586606466,0.7275260586606466,inf,0.0
2327,Mushrooms,1.65,0.5,1.0,"Mushrooms, raw",0.04,418.0,Vitamin B-12,UG,3.3,3.3,226.796,0.007275260586606465,0.007275260586606465,0.7275260586606466,0.7275260586606466,18.188151466516164,0.05498084848484849
2328,Mushrooms,1.65,0.5,1.0,"Mushrooms, raw",4.13,205.0,"Carbohydrate, by difference",G,3.3,3.3,226.796,0.007275260586606465,0.007275260586606465,0.7275260586606466,0.7275260586606466,0.17615643066843742,5.676772606060606
2329,Mushrooms,1.65,0.5,1.0,"Mushrooms, raw",0.0,607.0,SFA 4:0,G,3.3,3.3,226.796,0.007275260586606465,0.007275260586606465,0.7275260586606466,0.7275260586606466,inf,0.0
2330,Mushrooms,1.65,0.5,1.0,"Mushrooms, raw",10.0,304.0,"Magnesium, Mg",MG,3.3,3.3,226.796,0.007275260586606465,0.007275260586606465,0.7275260586606466,0.7275260586606466,0.07275260586606466,13.745212121212122
2331,Mushrooms,1.65,0.5,1.0,"Mushrooms, raw",0.0,321.0,"Carotene, beta",UG,3.3,3.3,226.796,0.007275260586606465,0.007275260586606465,0.7275260586606466,0.7275260586606466,inf,0.0
2332,Mushrooms,1.65,0.5,1.0,"Mushrooms, raw",0.01,323.0,Vitamin E (alpha-tocopherol),MG,3.3,3.3,226.796,0.007275260586606465,0.007275260586606465,0.7275260586606466,0.7275260586606466,72.75260586606466,0.013745212121212122
2333,Mushrooms,1.65,0.5,1.0,"Mushrooms, raw",5.0,301.0,"Calcium, Ca",MG,3.3,3.3,226.796,0.007275260586606465,0.007275260586606465,0.7275260586606466,0.7275260586606466,0.14550521173212932,6.872606060606061
2334,Mushrooms,1.65,0.5,1.0,"Mushrooms, raw",0.5,309.0,"Zinc, Zn",MG,3.3,3.3,226.796,0.007275260586606465,0.007275260586606465,0.7275260586606466,0.7275260586606466,1.4550521173212931,0.687260606060606
2335,Mushrooms,1.65,0.5,1.0,"Mushrooms, raw",0.0,573.0,"Vitamin E, added",MG,3.3,3.3,226.796,0.007275260586606465,0.007275260586606465,0.7275260586606466,0.7275260586606466,inf,0.0
2336,Mushrooms,1.65,0.5,1.0,"Mushrooms, raw",0.0,601.0,Cholesterol,MG,3.3,3.3,226.796,0.007275260586606465,0.007275260586606465,0.7275260586606466,0.7275260586606466,inf,0.0
2337,Mushrooms,1.65,0.5,1.0,"Mushrooms, raw",2.1,401.0,"Vitamin C, total ascorbic acid",MG,3.3,3.3,226.796,0.007275260586606465,0.007275260586606465,0.7275260586606466,0.7275260586606466,0.3464409803145936,2.8864945454545454
2338,Mushrooms,1.65,0.5,1.0,"Mushrooms, raw",0.0,578.0,"Vitamin B-12, added",UG,3.3,3.3,226.796,0.007275260586606465,0.007275260586606465,0.7275260586606466,0.7275260586606466,inf,0.0
2339,Mushrooms,1.65,0.5,1.0,"Mushrooms, raw",0.0,322.0,"Carotene, alpha",UG,3.3,3.3,226.796,0.007275260586606465,0.007275260586606465,0.7275260586606466,0.7275260586606466,inf,0.0
2340,Mushrooms,1.65,0.5,1.0,"Mushrooms, raw",0.0,611.0,SFA 12:0,G,3.3,3.3,226.796,0.007275260586606465,0.007275260586606465,0.7275260586606466,0.7275260586606466,inf,0.0
2341,Mushrooms,1.65,0.5,1.0,"Mushrooms, raw",2.9,203.0,Protein,G,3.3,3.3,226.796,0.007275260586606465,0.007275260586606465,0.7275260586606466,0.7275260586606466,0.2508710547105678,3.986111515151515
2342,Mushrooms,1.65,0.5,1.0,"Mushrooms, raw",0.453,405.0,Riboflavin,MG,3.3,3.3,226.796,0.007275260586606465,0.007275260586606465,0.7275260586606466,0.7275260586606466,1.6060177895378511,0.6226581090909091
2343,Mushrooms,1.65,0.5,1.0,"Mushrooms, raw",91.79,255.0,Water,G,3.3,3.3,226.796,0.007275260586606465,0.007275260586606465,0.7275260586606466,0.7275260586606466,0.007925983861647746,126.16730206060608
2344,Mushrooms,1.65,0.5,1.0,"Mushrooms, raw",0.0,430.0,Vitamin K (phylloquinone),UG,3.3,3.3,226.796,0.007275260586606465,0.007275260586606465,0.7275260586606466,0.7275260586606466,inf,0.0
2345,Mushrooms,1.65,0.5,1.0,"Mushrooms, raw",0.0,221.0,"Alcohol, ethyl",G,3.3,3.3,226.796,0.007275260586606465,0.007275260586606465,0.7275260586606466,0.7275260586606466,inf,0.0
2346,Mushrooms,1.65,0.5,1.0,"Mushrooms, raw",17.3,421.0,"Choline, total",MG,3.3,3.3,226.796,0.007275260586606465,0.007275260586606465,0.7275260586606466,0.7275260586606466,0.042053529402349514,23.77921696969697
2347,Mushrooms,1.65,0.5,1.0,"Mushrooms, raw",0.23,303.0,"Iron, Fe",MG,3.3,3.3,226.796,0.007275260586606465,0.007275260586606465,0.7275260586606466,0.7275260586606466,3.16315677678542,0.3161398787878788
2348,Apples,3.09,3.0,0.9,"Apple, raw",0.0,319.0,Retinol,UG,1.03,1.1444444444444444,1360.7759999999998,0.002270763152789291,0.0025230701697658785,0.2270763152789291,0.25230701697658786,inf,0.0
2349,Apples,3.09,3.0,0.9,"Apple, raw",0.0,307.0,"Sodium, Na",MG,1.03,1.1444444444444444,1360.7759999999998,0.002270763152789291,0.0025230701697658785,0.2270763152789291,0.25230701697658786,inf,0.0
2350,Apples,3.09,3.0,0.9,"Apple, raw",0.051,646.0,"Fatty acids, total polyunsaturated",G,1.03,1.1444444444444444,1360.7759999999998,0.002270763152789291,0.0025230701697658785,0.2270763152789291,0.25230701697658786,4.947196411305645,0.20213468737864076
2351,Apples,3.09,3.0,0.9,"Apple, raw",0.0,322.0,"Carotene, alpha",UG,1.03,1.1444444444444444,1360.7759999999998,0.002270763152789291,0.0025230701697658785,0.2270763152789291,0.25230701697658786,inf,0.0
2352,Apples,3.09,3.0,0.9,"Apple, raw",3.4,421.0,"Choline, total",MG,1.03,1.1444444444444444,1360.7759999999998,0.002270763152789291,0.0025230701697658785,0.2270763152789291,0.25230701697658786,0.07420794616958466,13.475645825242719
2353,Apples,3.09,3.0,0.9,"Apple, raw",0.0,221.0,"Alcohol, ethyl",G,1.03,1.1444444444444444,1360.7759999999998,0.002270763152789291,0.0025230701697658785,0.2270763152789291,0.25230701697658786,inf,0.0
2354,Apples,3.09,3.0,0.9,"Apple, raw",61.0,208.0,Energy,KCAL,1.03,1.1444444444444444,1360.7759999999998,0.002270763152789291,0.0025230701697658785,0.2270763152789291,0.25230701697658786,0.004136180606173571,241.76893980582526
2355,Apples,3.09,3.0,0.9,"Apple, raw",0.009,619.0,PUFA 18:3,G,1.03,1.1444444444444444,1360.7759999999998,0.002270763152789291,0.0025230701697658785,0.2270763152789291,0.25230701697658786,28.034112997398655,0.03567082718446602
2356,Apples,3.09,3.0,0.9,"Apple, raw",0.0,435.0,"Folate, DFE",UG,1.03,1.1444444444444444,1360.7759999999998,0.002270763152789291,0.0025230701697658785,0.2270763152789291,0.25230701697658786,inf,0.0
2357,Apples,3.09,3.0,0.9,"Apple, raw",29.0,338.0,Lutein + zeaxanthin,UG,1.03,1.1444444444444444,1360.7759999999998,0.002270763152789291,0.0025230701697658785,0.2270763152789291,0.25230701697658786,0.008700241964709926,114.93933203883495
2358,Apples,3.09,3.0,0.9,"Apple, raw",0.0,601.0,Cholesterol,MG,1.03,1.1444444444444444,1360.7759999999998,0.002270763152789291,0.0025230701697658785,0.2270763152789291,0.25230701697658786,inf,0.0
2359,Apples,3.09,3.0,0.9,"Apple, raw",3.0,320.0,"Vitamin A, RAE",UG,1.03,1.1444444444444444,1360.7759999999998,0.002270763152789291,0.0025230701697658785,0.2270763152789291,0.25230701697658786,0.08410233899219595,11.89027572815534
2360,Apples,3.09,3.0,0.9,"Apple, raw",0.0,578.0,"Vitamin B-12, added",UG,1.03,1.1444444444444444,1360.7759999999998,0.002270763152789291,0.0025230701697658785,0.2270763152789291,0.25230701697658786,inf,0.0
2361,Apples,3.09,3.0,0.9,"Apple, raw",0.0,626.0,MUFA 16:1,G,1.03,1.1444444444444444,1360.7759999999998,0.002270763152789291,0.0025230701697658785,0.2270763152789291,0.25230701697658786,inf,0.0
2362,Apples,3.09,3.0,0.9,"Apple, raw",0.001,612.0,SFA 14:0,G,1.03,1.1444444444444444,1360.7759999999998,0.002270763152789291,0.0025230701697658785,0.2270763152789291,0.25230701697658786,252.30701697658785,0.0039634252427184465
2363,Apples,3.09,3.0,0.9,"Apple, raw",0.18,323.0,Vitamin E (alpha-tocopherol),MG,1.03,1.1444444444444444,1360.7759999999998,0.002270763152789291,0.0025230701697658785,0.2270763152789291,0.25230701697658786,1.4017056498699325,0.7134165436893204
2364,Apples,3.09,3.0,0.9,"Apple, raw",11.0,334.0,"Cryptoxanthin, beta",UG,1.03,1.1444444444444444,1360.7759999999998,0.002270763152789291,0.0025230701697658785,0.2270763152789291,0.25230701697658786,0.02293700154332617,43.597677669902914
2365,Apples,3.09,3.0,0.9,"Apple, raw",5.0,304.0,"Magnesium, Mg",MG,1.03,1.1444444444444444,1360.7759999999998,0.002270763152789291,0.0025230701697658785,0.2270763152789291,0.25230701697658786,0.05046140339531757,19.817126213592232
2366,Apples,3.09,3.0,0.9,"Apple, raw",0.0,628.0,MUFA 20:1,G,1.03,1.1444444444444444,1360.7759999999998,0.002270763152789291,0.0025230701697658785,0.2270763152789291,0.25230701697658786,inf,0.0
2367,Apples,3.09,3.0,0.9,"Apple, raw",0.03,303.0,"Iron, Fe",MG,1.03,1.1444444444444444,1360.7759999999998,0.002270763152789291,0.0025230701697658785,0.2270763152789291,0.25230701697658786,8.410233899219596,0.1189027572815534
2368,Apples,3.09,3.0,0.9,"Apple, raw",5.0,301.0,"Calcium, Ca",MG,1.03,1.1444444444444444,1360.7759999999998,0.002270763152789291,0.0025230701697658785,0.2270763152789291,0.25230701697658786,0.05046140339531757,19.817126213592232
2369,Apples,3.09,3.0,0.9,"Apple, raw",0.17,203.0,Protein,G,1.03,1.1444444444444444,1360.7759999999998,0.002270763152789291,0.0025230701697658785,0.2270763152789291,0.25230701697658786,1.4841589233916932,0.673782291262136
2370,Apples,3.09,3.0,0.9,"Apple, raw",0.0,610.0,SFA 10:0,G,1.03,1.1444444444444444,1360.7759999999998,0.002270763152789291,0.0025230701697658785,0.2270763152789291,0.25230701697658786,inf,0.0
2371,Apples,3.09,3.0,0.9,"Apple, raw",2.2,430.0,Vitamin K (phylloquinone),UG,1.03,1.1444444444444444,1360.7759999999998,0.002270763152789291,0.0025230701697658785,0.2270763152789291,0.25230701697658786,0.11468500771663084,8.719535533980583
2372,Apples,3.09,3.0,0.9,"Apple, raw",0.0,418.0,Vitamin B-12,UG,1.03,1.1444444444444444,1360.7759999999998,0.002270763152789291,0.0025230701697658785,0.2270763152789291,0.25230701697658786,inf,0.0
2373,Apples,3.09,3.0,0.9,"Apple, raw",0.091,406.0,Niacin,MG,1.03,1.1444444444444444,1360.7759999999998,0.002270763152789291,0.0025230701697658785,0.2270763152789291,0.25230701697658786,2.772604582160306,0.3606716970873786
2374,Apples,3.09,3.0,0.9,"Apple, raw",0.007,617.0,MUFA 18:1,G,1.03,1.1444444444444444,1360.7759999999998,0.002270763152789291,0.0025230701697658785,0.2270763152789291,0.25230701697658786,36.04385956808398,0.027743976699029126
2375,Apples,3.09,3.0,0.9,"Apple, raw",0.0,262.0,Caffeine,MG,1.03,1.1444444444444444,1360.7759999999998,0.002270763152789291,0.0025230701697658785,0.2270763152789291,0.25230701697658786,inf,0.0
2376,Apples,3.09,3.0,0.9,"Apple, raw",0.03,415.0,Vitamin B-6,MG,1.03,1.1444444444444444,1360.7759999999998,0.002270763152789291,0.0025230701697658785,0.2270763152789291,0.25230701697658786,8.410233899219596,0.1189027572815534
2377,Apples,3.09,3.0,0.9,"Apple, raw",14.8,205.0,"Carbohydrate, by difference",G,1.03,1.1444444444444444,1360.7759999999998,0.002270763152789291,0.0025230701697658785,0.2270763152789291,0.25230701697658786,0.017047771417337015,58.658693592233014
2378,Apples,3.09,3.0,0.9,"Apple, raw",0.15,204.0,Total lipid (fat),G,1.03,1.1444444444444444,1360.7759999999998,0.002270763152789291,0.0025230701697658785,0.2270763152789291,0.25230701697658786,1.6820467798439191,0.594513786407767
2379,Apples,3.09,3.0,0.9,"Apple, raw",0.0,337.0,Lycopene,UG,1.03,1.1444444444444444,1360.7759999999998,0.002270763152789291,0.0025230701697658785,0.2270763152789291,0.25230701697658786,inf,0.0
2380,Apples,3.09,3.0,0.9,"Apple, raw",0.0,621.0,PUFA 22:6 n-3 (DHA),G,1.03,1.1444444444444444,1360.7759999999998,0.002270763152789291,0.0025230701697658785,0.2270763152789291,0.25230701697658786,inf,0.0
2381,Apples,3.09,3.0,0.9,"Apple, raw",0.0,630.0,MUFA 22:1,G,1.03,1.1444444444444444,1360.7759999999998,0.002270763152789291,0.0025230701697658785,0.2270763152789291,0.25230701697658786,inf,0.0
2382,Apples,3.09,3.0,0.9,"Apple, raw",0.02,309.0,"Zinc, Zn",MG,1.03,1.1444444444444444,1360.7759999999998,0.002270763152789291,0.0025230701697658785,0.2270763152789291,0.25230701697658786,12.615350848829392,0.07926850485436894
2383,Apples,3.09,3.0,0.9,"Apple, raw",0.007,645.0,"Fatty acids, total monounsaturated",G,1.03,1.1444444444444444,1360.7759999999998,0.002270763152789291,0.0025230701697658785,0.2270763152789291,0.25230701697658786,36.04385956808398,0.027743976699029126
2384,Apples,3.09,3.0,0.9,"Apple, raw",0.0,608.0,SFA 6:0,G,1.03,1.1444444444444444,1360.7759999999998,0.002270763152789291,0.0025230701697658785,0.2270763152789291,0.25230701697658786,inf,0.0
2385,Apples,3.09,3.0,0.9,"Apple, raw",0.0,328.0,Vitamin D (D2 + D3),UG,1.03,1.1444444444444444,1360.7759999999998,0.002270763152789291,0.0025230701697658785,0.2270763152789291,0.25230701697658786,inf,0.0
2386,Apples,3.09,3.0,0.9,"Apple, raw",0.01,404.0,Thiamin,MG,1.03,1.1444444444444444,1360.7759999999998,0.002270763152789291,0.0025230701697658785,0.2270763152789291,0.25230701697658786,25.230701697658784,0.03963425242718447
2387,Apples,3.09,3.0,0.9,"Apple, raw",0.0,627.0,PUFA 18:4,G,1.03,1.1444444444444444,1360.7759999999998,0.002270763152789291,0.0025230701697658785,0.2270763152789291,0.25230701697658786,inf,0.0
2388,Apples,3.09,3.0,0.9,"Apple, raw",0.028,606.0,"Fatty acids, total saturated",G,1.03,1.1444444444444444,1360.7759999999998,0.002270763152789291,0.0025230701697658785,0.2270763152789291,0.25230701697658786,9.010964892020995,0.1109759067961165
2389,Apples,3.09,3.0,0.9,"Apple, raw",12.08,269.0,"Sugars, Total",G,1.03,1.1444444444444444,1360.7759999999998,0.002270763152789291,0.0025230701697658785,0.2270763152789291,0.25230701697658786,0.020886342464949328,47.87817693203883
2390,Apples,3.09,3.0,0.9,"Apple, raw",0.003,614.0,SFA 18:0,G,1.03,1.1444444444444444,1360.7759999999998,0.002270763152789291,0.0025230701697658785,0.2270763152789291,0.25230701697658786,84.10233899219595,0.01189027572815534
2391,Apples,3.09,3.0,0.9,"Apple, raw",0.0,432.0,"Folate, food",UG,1.03,1.1444444444444444,1360.7759999999998,0.002270763152789291,0.0025230701697658785,0.2270763152789291,0.25230701697658786,inf,0.0
2392,Apples,3.09,3.0,0.9,"Apple, raw",0.0,607.0,SFA 4:0,G,1.03,1.1444444444444444,1360.7759999999998,0.002270763152789291,0.0025230701697658785,0.2270763152789291,0.25230701697658786,inf,0.0
2393,Apples,3.09,3.0,0.9,"Apple, raw",4.6,401.0,"Vitamin C, total ascorbic acid",MG,1.03,1.1444444444444444,1360.7759999999998,0.002270763152789291,0.0025230701697658785,0.2270763152789291,0.25230701697658786,0.05484935151664954,18.231756116504855
2394,Apples,3.09,3.0,0.9,"Apple, raw",0.0,629.0,PUFA 20:5 n-3 (EPA),G,1.03,1.1444444444444444,1360.7759999999998,0.002270763152789291,0.0025230701697658785,0.2270763152789291,0.25230701697658786,inf,0.0
2395,Apples,3.09,3.0,0.9,"Apple, raw",2.1,291.0,"Fiber, total dietary",G,1.03,1.1444444444444444,1360.7759999999998,0.002270763152789291,0.0025230701697658785,0.2270763152789291,0.25230701697658786,0.12014619856027993,8.323193009708739
2396,Apples,3.09,3.0,0.9,"Apple, raw",0.043,618.0,PUFA 18:2,G,1.03,1.1444444444444444,1360.7759999999998,0.002270763152789291,0.0025230701697658785,0.2270763152789291,0.25230701697658786,5.86760504596716,0.1704272854368932
2397,Apples,3.09,3.0,0.9,"Apple, raw",0.0,609.0,SFA 8:0,G,1.03,1.1444444444444444,1360.7759999999998,0.002270763152789291,0.0025230701697658785,0.2270763152789291,0.25230701697658786,inf,0.0
2398,Apples,3.09,3.0,0.9,"Apple, raw",0.0,631.0,PUFA 22:5 n-3 (DPA),G,1.03,1.1444444444444444,1360.7759999999998,0.002270763152789291,0.0025230701697658785,0.2270763152789291,0.25230701697658786,inf,0.0
2399,Apples,3.09,3.0,0.9,"Apple, raw",0.0,431.0,Folic acid,UG,1.03,1.1444444444444444,1360.7759999999998,0.002270763152789291,0.0025230701697658785,0.2270763152789291,0.25230701697658786,inf,0.0
2400,Apples,3.09,3.0,0.9,"Apple, raw",104.0,306.0,"Potassium, K",MG,1.03,1.1444444444444444,1360.7759999999998,0.002270763152789291,0.0025230701697658785,0.2270763152789291,0.25230701697658786,0.0024260290093902678,412.19622524271847
2401,Apples,3.09,3.0,0.9,"Apple, raw",0.0,573.0,"Vitamin E, added",MG,1.03,1.1444444444444444,1360.7759999999998,0.002270763152789291,0.0025230701697658785,0.2270763152789291,0.25230701697658786,inf,0.0
2402,Apples,3.09,3.0,0.9,"Apple, raw",0.07,405.0,Riboflavin,MG,1.03,1.1444444444444444,1360.7759999999998,0.002270763152789291,0.0025230701697658785,0.2270763152789291,0.25230701697658786,3.6043859568083976,0.27743976699029127
2403,Apples,3.09,3.0,0.9,"Apple, raw",84.62,255.0,Water,G,1.03,1.1444444444444444,1360.7759999999998,0.002270763152789291,0.0025230701697658785,0.2270763152789291,0.25230701697658786,0.0029816475653106577,335.38504403883496
2404,Apples,3.09,3.0,0.9,"Apple, raw",0.0,317.0,"Selenium, Se",UG,1.03,1.1444444444444444,1360.7759999999998,0.002270763152789291,0.0025230701697658785,0.2270763152789291,0.25230701697658786,inf,0.0
2405,Apples,3.09,3.0,0.9,"Apple, raw",27.0,321.0,"Carotene, beta",UG,1.03,1.1444444444444444,1360.7759999999998,0.002270763152789291,0.0025230701697658785,0.2270763152789291,0.25230701697658786,0.009344704332466217,107.01248155339806
2406,Apples,3.09,3.0,0.9,"Apple, raw",9.0,305.0,"Phosphorus, P",MG,1.03,1.1444444444444444,1360.7759999999998,0.002270763152789291,0.0025230701697658785,0.2270763152789291,0.25230701697658786,0.02803411299739865,35.67082718446602
2407,Apples,3.09,3.0,0.9,"Apple, raw",0.024,613.0,SFA 16:0,G,1.03,1.1444444444444444,1360.7759999999998,0.002270763152789291,0.0025230701697658785,0.2270763152789291,0.25230701697658786,10.512792374024494,0.09512220582524272
2408,Apples,3.09,3.0,0.9,"Apple, raw",0.0,417.0,"Folate, total",UG,1.03,1.1444444444444444,1360.7759999999998,0.002270763152789291,0.0025230701697658785,0.2270763152789291,0.25230701697658786,inf,0.0
2409,Apples,3.09,3.0,0.9,"Apple, raw",0.0,263.0,Theobromine,MG,1.03,1.1444444444444444,1360.7759999999998,0.002270763152789291,0.0025230701697658785,0.2270763152789291,0.25230701697658786,inf,0.0
2410,Apples,3.09,3.0,0.9,"Apple, raw",0.0,620.0,PUFA 20:4,G,1.03,1.1444444444444444,1360.7759999999998,0.002270763152789291,0.0025230701697658785,0.2270763152789291,0.25230701697658786,inf,0.0
2411,Apples,3.09,3.0,0.9,"Apple, raw",0.0,611.0,SFA 12:0,G,1.03,1.1444444444444444,1360.7759999999998,0.002270763152789291,0.0025230701697658785,0.2270763152789291,0.25230701697658786,inf,0.0
2412,Apples,3.09,3.0,0.9,"Apple, raw",0.03,312.0,"Copper, Cu",MG,1.03,1.1444444444444444,1360.7759999999998,0.002270763152789291,0.0025230701697658785,0.2270763152789291,0.25230701697658786,8.410233899219596,0.1189027572815534
2413,Oranges,4.29,3.0,0.8,"Orange, raw",11.0,322.0,"Carotene, alpha",UG,1.43,1.7874999999999996,1360.7759999999998,0.003152612920862802,0.003940766151078502,0.31526129208628023,0.3940766151078502,0.03582514682798638,27.91335384615385
2414,Oranges,4.29,3.0,0.8,"Orange, raw",0.02,617.0,MUFA 18:1,G,1.43,1.7874999999999996,1360.7759999999998,0.003152612920862802,0.003940766151078502,0.31526129208628023,0.3940766151078502,19.70383075539251,0.05075155244755245
2415,Oranges,4.29,3.0,0.8,"Orange, raw",0.0,418.0,Vitamin B-12,UG,1.43,1.7874999999999996,1360.7759999999998,0.003152612920862802,0.003940766151078502,0.31526129208628023,0.3940766151078502,inf,0.0
2416,Oranges,4.29,3.0,0.8,"Orange, raw",11.78,205.0,"Carbohydrate, by difference",G,1.43,1.7874999999999996,1360.7759999999998,0.003152612920862802,0.003940766151078502,0.31526129208628023,0.3940766151078502,0.033453023353807315,29.892664391608392
2417,Oranges,4.29,3.0,0.8,"Orange, raw",28.0,432.0,"Folate, food",UG,1.43,1.7874999999999996,1360.7759999999998,0.003152612920862802,0.003940766151078502,0.31526129208628023,0.3940766151078502,0.014074164825280363,71.05217342657343
2418,Oranges,4.29,3.0,0.8,"Orange, raw",10.0,304.0,"Magnesium, Mg",MG,1.43,1.7874999999999996,1360.7759999999998,0.003152612920862802,0.003940766151078502,0.31526129208628023,0.3940766151078502,0.03940766151078502,25.375776223776224
2419,Oranges,4.29,3.0,0.8,"Orange, raw",0.023,645.0,"Fatty acids, total monounsaturated",G,1.43,1.7874999999999996,1360.7759999999998,0.003152612920862802,0.003940766151078502,0.31526129208628023,0.3940766151078502,17.133765874254358,0.05836428531468532
2420,Oranges,4.29,3.0,0.8,"Orange, raw",0.0,631.0,PUFA 22:5 n-3 (DPA),G,1.43,1.7874999999999996,1360.7759999999998,0.003152612920862802,0.003940766151078502,0.31526129208628023,0.3940766151078502,inf,0.0
2421,Oranges,4.29,3.0,0.8,"Orange, raw",0.18,323.0,Vitamin E (alpha-tocopherol),MG,1.43,1.7874999999999996,1360.7759999999998,0.003152612920862802,0.003940766151078502,0.31526129208628023,0.3940766151078502,2.1893145283769457,0.45676397202797203
2422,Oranges,4.29,3.0,0.8,"Orange, raw",0.0,627.0,PUFA 18:4,G,1.43,1.7874999999999996,1360.7759999999998,0.003152612920862802,0.003940766151078502,0.31526129208628023,0.3940766151078502,inf,0.0
2423,Oranges,4.29,3.0,0.8,"Orange, raw",0.0,621.0,PUFA 22:6 n-3 (DHA),G,1.43,1.7874999999999996,1360.7759999999998,0.003152612920862802,0.003940766151078502,0.31526129208628023,0.3940766151078502,inf,0.0
2424,Oranges,4.29,3.0,0.8,"Orange, raw",0.22,303.0,"Iron, Fe",MG,1.43,1.7874999999999996,1360.7759999999998,0.003152612920862802,0.003940766151078502,0.31526129208628023,0.3940766151078502,1.7912573413993191,0.558267076923077
2425,Oranges,4.29,3.0,0.8,"Orange, raw",0.0,263.0,Theobromine,MG,1.43,1.7874999999999996,1360.7759999999998,0.003152612920862802,0.003940766151078502,0.31526129208628023,0.3940766151078502,inf,0.0
2426,Oranges,4.29,3.0,0.8,"Orange, raw",0.0,430.0,Vitamin K (phylloquinone),UG,1.43,1.7874999999999996,1360.7759999999998,0.003152612920862802,0.003940766151078502,0.31526129208628023,0.3940766151078502,inf,0.0
2427,Oranges,4.29,3.0,0.8,"Orange, raw",0.003,626.0,MUFA 16:1,G,1.43,1.7874999999999996,1360.7759999999998,0.003152612920862802,0.003940766151078502,0.31526129208628023,0.3940766151078502,131.35887170261674,0.007612732867132868
2428,Oranges,4.29,3.0,0.8,"Orange, raw",0.018,618.0,PUFA 18:2,G,1.43,1.7874999999999996,1360.7759999999998,0.003152612920862802,0.003940766151078502,0.31526129208628023,0.3940766151078502,21.893145283769456,0.0456763972027972
2429,Oranges,4.29,3.0,0.8,"Orange, raw",129.0,338.0,Lutein + zeaxanthin,UG,1.43,1.7874999999999996,1360.7759999999998,0.003152612920862802,0.003940766151078502,0.31526129208628023,0.3940766151078502,0.003054857481456203,327.3475132867133
2430,Oranges,4.29,3.0,0.8,"Orange, raw",0.92,203.0,Protein,G,1.43,1.7874999999999996,1360.7759999999998,0.003152612920862802,0.003940766151078502,0.31526129208628023,0.3940766151078502,0.4283441468563589,2.334571412587413
2431,Oranges,4.29,3.0,0.8,"Orange, raw",0.0,262.0,Caffeine,MG,1.43,1.7874999999999996,1360.7759999999998,0.003152612920862802,0.003940766151078502,0.31526129208628023,0.3940766151078502,inf,0.0
2432,Oranges,4.29,3.0,0.8,"Orange, raw",2.2,291.0,"Fiber, total dietary",G,1.43,1.7874999999999996,1360.7759999999998,0.003152612920862802,0.003940766151078502,0.31526129208628023,0.3940766151078502,0.17912573413993188,5.58267076923077
2433,Oranges,4.29,3.0,0.8,"Orange, raw",0.0,614.0,SFA 18:0,G,1.43,1.7874999999999996,1360.7759999999998,0.003152612920862802,0.003940766151078502,0.31526129208628023,0.3940766151078502,inf,0.0
2434,Oranges,4.29,3.0,0.8,"Orange, raw",0.0,431.0,Folic acid,UG,1.43,1.7874999999999996,1360.7759999999998,0.003152612920862802,0.003940766151078502,0.31526129208628023,0.3940766151078502,inf,0.0
2435,Oranges,4.29,3.0,0.8,"Orange, raw",0.013,613.0,SFA 16:0,G,1.43,1.7874999999999996,1360.7759999999998,0.003152612920862802,0.003940766151078502,0.31526129208628023,0.3940766151078502,30.31358577752694,0.03298850909090909
2436,Oranges,4.29,3.0,0.8,"Orange, raw",0.015,606.0,"Fatty acids, total saturated",G,1.43,1.7874999999999996,1360.7759999999998,0.003152612920862802,0.003940766151078502,0.31526129208628023,0.3940766151078502,26.271774340523347,0.03806366433566434
2437,Oranges,4.29,3.0,0.8,"Orange, raw",56.2,401.0,"Vitamin C, total ascorbic acid",MG,1.43,1.7874999999999996,1360.7759999999998,0.003152612920862802,0.003940766151078502,0.31526129208628023,0.3940766151078502,0.00701203941473043,142.6118623776224
2438,Oranges,4.29,3.0,0.8,"Orange, raw",0.0,328.0,Vitamin D (D2 + D3),UG,1.43,1.7874999999999996,1360.7759999999998,0.003152612920862802,0.003940766151078502,0.31526129208628023,0.3940766151078502,inf,0.0
2439,Oranges,4.29,3.0,0.8,"Orange, raw",0.0,319.0,Retinol,UG,1.43,1.7874999999999996,1360.7759999999998,0.003152612920862802,0.003940766151078502,0.31526129208628023,0.3940766151078502,inf,0.0
2440,Oranges,4.29,3.0,0.8,"Orange, raw",0.054,312.0,"Copper, Cu",MG,1.43,1.7874999999999996,1360.7759999999998,0.003152612920862802,0.003940766151078502,0.31526129208628023,0.3940766151078502,7.297715094589819,0.1370291916083916
2441,Oranges,4.29,3.0,0.8,"Orange, raw",0.0,221.0,"Alcohol, ethyl",G,1.43,1.7874999999999996,1360.7759999999998,0.003152612920862802,0.003940766151078502,0.31526129208628023,0.3940766151078502,inf,0.0
2442,Oranges,4.29,3.0,0.8,"Orange, raw",0.0,629.0,PUFA 20:5 n-3 (EPA),G,1.43,1.7874999999999996,1360.7759999999998,0.003152612920862802,0.003940766151078502,0.31526129208628023,0.3940766151078502,inf,0.0
2443,Oranges,4.29,3.0,0.8,"Orange, raw",0.025,646.0,"Fatty acids, total polyunsaturated",G,1.43,1.7874999999999996,1360.7759999999998,0.003152612920862802,0.003940766151078502,0.31526129208628023,0.3940766151078502,15.763064604314007,0.06343944055944056
2444,Oranges,4.29,3.0,0.8,"Orange, raw",11.0,320.0,"Vitamin A, RAE",UG,1.43,1.7874999999999996,1360.7759999999998,0.003152612920862802,0.003940766151078502,0.31526129208628023,0.3940766151078502,0.03582514682798638,27.91335384615385
2445,Oranges,4.29,3.0,0.8,"Orange, raw",50.0,208.0,Energy,KCAL,1.43,1.7874999999999996,1360.7759999999998,0.003152612920862802,0.003940766151078502,0.31526129208628023,0.3940766151078502,0.007881532302157004,126.87888111888113
2446,Oranges,4.29,3.0,0.8,"Orange, raw",174.0,306.0,"Potassium, K",MG,1.43,1.7874999999999996,1360.7759999999998,0.003152612920862802,0.003940766151078502,0.31526129208628023,0.3940766151078502,0.002264808132803737,441.53850629370635
2447,Oranges,4.29,3.0,0.8,"Orange, raw",0.0,609.0,SFA 8:0,G,1.43,1.7874999999999996,1360.7759999999998,0.003152612920862802,0.003940766151078502,0.31526129208628023,0.3940766151078502,inf,0.0
2448,Oranges,4.29,3.0,0.8,"Orange, raw",116.0,334.0,"Cryptoxanthin, beta",UG,1.43,1.7874999999999996,1360.7759999999998,0.003152612920862802,0.003940766151078502,0.31526129208628023,0.3940766151078502,0.0033972121992056053,294.35900419580423
2449,Oranges,4.29,3.0,0.8,"Orange, raw",71.0,321.0,"Carotene, beta",UG,1.43,1.7874999999999996,1360.7759999999998,0.003152612920862802,0.003940766151078502,0.31526129208628023,0.3940766151078502,0.0055503748606739465,180.1680111888112
2450,Oranges,4.29,3.0,0.8,"Orange, raw",0.0,610.0,SFA 10:0,G,1.43,1.7874999999999996,1360.7759999999998,0.003152612920862802,0.003940766151078502,0.31526129208628023,0.3940766151078502,inf,0.0
2451,Oranges,4.29,3.0,0.8,"Orange, raw",0.0,573.0,"Vitamin E, added",MG,1.43,1.7874999999999996,1360.7759999999998,0.003152612920862802,0.003940766151078502,0.31526129208628023,0.3940766151078502,inf,0.0
2452,Oranges,4.29,3.0,0.8,"Orange, raw",0.0,611.0,SFA 12:0,G,1.43,1.7874999999999996,1360.7759999999998,0.003152612920862802,0.003940766151078502,0.31526129208628023,0.3940766151078502,inf,0.0
2453,Oranges,4.29,3.0,0.8,"Orange, raw",0.0,601.0,Cholesterol,MG,1.43,1.7874999999999996,1360.7759999999998,0.003152612920862802,0.003940766151078502,0.31526129208628023,0.3940766151078502,inf,0.0
2454,Oranges,4.29,3.0,0.8,"Orange, raw",0.0,337.0,Lycopene,UG,1.43,1.7874999999999996,1360.7759999999998,0.003152612920862802,0.003940766151078502,0.31526129208628023,0.3940766151078502,inf,0.0
2455,Oranges,4.29,3.0,0.8,"Orange, raw",28.0,435.0,"Folate, DFE",UG,1.43,1.7874999999999996,1360.7759999999998,0.003152612920862802,0.003940766151078502,0.31526129208628023,0.3940766151078502,0.014074164825280363,71.05217342657343
2456,Oranges,4.29,3.0,0.8,"Orange, raw",0.14,204.0,Total lipid (fat),G,1.43,1.7874999999999996,1360.7759999999998,0.003152612920862802,0.003940766151078502,0.31526129208628023,0.3940766151078502,2.8148329650560724,0.3552608671328672
2457,Oranges,4.29,3.0,0.8,"Orange, raw",0.0,630.0,MUFA 22:1,G,1.43,1.7874999999999996,1360.7759999999998,0.003152612920862802,0.003940766151078502,0.31526129208628023,0.3940766151078502,inf,0.0
2458,Oranges,4.29,3.0,0.8,"Orange, raw",0.0,628.0,MUFA 20:1,G,1.43,1.7874999999999996,1360.7759999999998,0.003152612920862802,0.003940766151078502,0.31526129208628023,0.3940766151078502,inf,0.0
2459,Oranges,4.29,3.0,0.8,"Orange, raw",0.09,309.0,"Zinc, Zn",MG,1.43,1.7874999999999996,1360.7759999999998,0.003152612920862802,0.003940766151078502,0.31526129208628023,0.3940766151078502,4.3786290567538915,0.22838198601398602
2460,Oranges,4.29,3.0,0.8,"Orange, raw",0.0,578.0,"Vitamin B-12, added",UG,1.43,1.7874999999999996,1360.7759999999998,0.003152612920862802,0.003940766151078502,0.31526129208628023,0.3940766151078502,inf,0.0
2461,Oranges,4.29,3.0,0.8,"Orange, raw",42.0,301.0,"Calcium, Ca",MG,1.43,1.7874999999999996,1360.7759999999998,0.003152612920862802,0.003940766151078502,0.31526129208628023,0.3940766151078502,0.009382776550186909,106.57826013986015
2462,Oranges,4.29,3.0,0.8,"Orange, raw",0.0,608.0,SFA 6:0,G,1.43,1.7874999999999996,1360.7759999999998,0.003152612920862802,0.003940766151078502,0.31526129208628023,0.3940766151078502,inf,0.0
2463,Oranges,4.29,3.0,0.8,"Orange, raw",0.0,620.0,PUFA 20:4,G,1.43,1.7874999999999996,1360.7759999999998,0.003152612920862802,0.003940766151078502,0.31526129208628023,0.3940766151078502,inf,0.0
2464,Oranges,4.29,3.0,0.8,"Orange, raw",0.2,317.0,"Selenium, Se",UG,1.43,1.7874999999999996,1360.7759999999998,0.003152612920862802,0.003940766151078502,0.31526129208628023,0.3940766151078502,1.9703830755392509,0.5075155244755245
2465,Oranges,4.29,3.0,0.8,"Orange, raw",18.0,305.0,"Phosphorus, P",MG,1.43,1.7874999999999996,1360.7759999999998,0.003152612920862802,0.003940766151078502,0.31526129208628023,0.3940766151078502,0.021893145283769455,45.676397202797204
2466,Oranges,4.29,3.0,0.8,"Orange, raw",0.078,404.0,Thiamin,MG,1.43,1.7874999999999996,1360.7759999999998,0.003152612920862802,0.003940766151078502,0.31526129208628023,0.3940766151078502,5.0522642962544895,0.19793105454545457
2467,Oranges,4.29,3.0,0.8,"Orange, raw",4.0,307.0,"Sodium, Na",MG,1.43,1.7874999999999996,1360.7759999999998,0.003152612920862802,0.003940766151078502,0.31526129208628023,0.3940766151078502,0.09851915377696255,10.15031048951049
2468,Oranges,4.29,3.0,0.8,"Orange, raw",0.07,415.0,Vitamin B-6,MG,1.43,1.7874999999999996,1360.7759999999998,0.003152612920862802,0.003940766151078502,0.31526129208628023,0.3940766151078502,5.629665930112145,0.1776304335664336
2469,Oranges,4.29,3.0,0.8,"Orange, raw",0.046,405.0,Riboflavin,MG,1.43,1.7874999999999996,1360.7759999999998,0.003152612920862802,0.003940766151078502,0.31526129208628023,0.3940766151078502,8.566882937127179,0.11672857062937064
2470,Oranges,4.29,3.0,0.8,"Orange, raw",0.0,607.0,SFA 4:0,G,1.43,1.7874999999999996,1360.7759999999998,0.003152612920862802,0.003940766151078502,0.31526129208628023,0.3940766151078502,inf,0.0
2471,Oranges,4.29,3.0,0.8,"Orange, raw",8.4,421.0,"Choline, total",MG,1.43,1.7874999999999996,1360.7759999999998,0.003152612920862802,0.003940766151078502,0.31526129208628023,0.3940766151078502,0.04691388275093455,21.315652027972032
2472,Oranges,4.29,3.0,0.8,"Orange, raw",8.96,269.0,"Sugars, Total",G,1.43,1.7874999999999996,1360.7759999999998,0.003152612920862802,0.003940766151078502,0.31526129208628023,0.3940766151078502,0.04398176507900113,22.7366954965035
2473,Oranges,4.29,3.0,0.8,"Orange, raw",28.0,417.0,"Folate, total",UG,1.43,1.7874999999999996,1360.7759999999998,0.003152612920862802,0.003940766151078502,0.31526129208628023,0.3940766151078502,0.014074164825280363,71.05217342657343
2474,Oranges,4.29,3.0,0.8,"Orange, raw",0.0,612.0,SFA 14:0,G,1.43,1.7874999999999996,1360.7759999999998,0.003152612920862802,0.003940766151078502,0.31526129208628023,0.3940766151078502,inf,0.0
2475,Oranges,4.29,3.0,0.8,"Orange, raw",0.007,619.0,PUFA 18:3,G,1.43,1.7874999999999996,1360.7759999999998,0.003152612920862802,0.003940766151078502,0.31526129208628023,0.3940766151078502,56.29665930112145,0.01776304335664336
2476,Oranges,4.29,3.0,0.8,"Orange, raw",0.354,406.0,Niacin,MG,1.43,1.7874999999999996,1360.7759999999998,0.003152612920862802,0.003940766151078502,0.31526129208628023,0.3940766151078502,1.1132107771408197,0.8983024783216783
2477,Oranges,4.29,3.0,0.8,"Orange, raw",86.72,255.0,Water,G,1.43,1.7874999999999996,1360.7759999999998,0.003152612920862802,0.003940766151078502,0.31526129208628023,0.3940766151078502,0.004544241410376501,220.05873141258743
2478,Grapefruit,5.98,5.0,0.8,"Grapefruit, raw",0.018,613.0,SFA 16:0,G,1.1960000000000002,1.495,2267.96,0.002636730806539798,0.003295913508174747,0.2636730806539798,0.3295913508174747,18.310630600970818,0.054613083612040134
2479,Grapefruit,5.98,5.0,0.8,"Grapefruit, raw",18.0,305.0,"Phosphorus, P",MG,1.1960000000000002,1.495,2267.96,0.002636730806539798,0.003295913508174747,0.2636730806539798,0.3295913508174747,0.018310630600970816,54.613083612040136
2480,Grapefruit,5.98,5.0,0.8,"Grapefruit, raw",0.0,263.0,Theobromine,MG,1.1960000000000002,1.495,2267.96,0.002636730806539798,0.003295913508174747,0.2636730806539798,0.3295913508174747,inf,0.0
2481,Grapefruit,5.98,5.0,0.8,"Grapefruit, raw",0.032,312.0,"Copper, Cu",MG,1.1960000000000002,1.495,2267.96,0.002636730806539798,0.003295913508174747,0.2636730806539798,0.3295913508174747,10.299729713046084,0.0970899264214047
2482,Grapefruit,5.98,5.0,0.8,"Grapefruit, raw",0.053,415.0,Vitamin B-6,MG,1.1960000000000002,1.495,2267.96,0.002636730806539798,0.003295913508174747,0.2636730806539798,0.3295913508174747,6.218704732405183,0.1608051906354515
2483,Grapefruit,5.98,5.0,0.8,"Grapefruit, raw",1.6,291.0,"Fiber, total dietary",G,1.1960000000000002,1.495,2267.96,0.002636730806539798,0.003295913508174747,0.2636730806539798,0.3295913508174747,0.20599459426092168,4.8544963210702345
2484,Grapefruit,5.98,5.0,0.8,"Grapefruit, raw",0.008,619.0,PUFA 18:3,G,1.1960000000000002,1.495,2267.96,0.002636730806539798,0.003295913508174747,0.2636730806539798,0.3295913508174747,41.198918852184335,0.024272481605351174
2485,Grapefruit,5.98,5.0,0.8,"Grapefruit, raw",0.018,617.0,MUFA 18:1,G,1.1960000000000002,1.495,2267.96,0.002636730806539798,0.003295913508174747,0.2636730806539798,0.3295913508174747,18.310630600970818,0.054613083612040134
2486,Grapefruit,5.98,5.0,0.8,"Grapefruit, raw",0.0,319.0,Retinol,UG,1.1960000000000002,1.495,2267.96,0.002636730806539798,0.003295913508174747,0.2636730806539798,0.3295913508174747,inf,0.0
2487,Grapefruit,5.98,5.0,0.8,"Grapefruit, raw",0.021,606.0,"Fatty acids, total saturated",G,1.1960000000000002,1.495,2267.96,0.002636730806539798,0.003295913508174747,0.2636730806539798,0.3295913508174747,15.694826229403557,0.06371526421404683
2488,Grapefruit,5.98,5.0,0.8,"Grapefruit, raw",0.14,204.0,Total lipid (fat),G,1.1960000000000002,1.495,2267.96,0.002636730806539798,0.003295913508174747,0.2636730806539798,0.3295913508174747,2.3542239344105336,0.42476842809364557
2489,Grapefruit,5.98,5.0,0.8,"Grapefruit, raw",0.0,611.0,SFA 12:0,G,1.1960000000000002,1.495,2267.96,0.002636730806539798,0.003295913508174747,0.2636730806539798,0.3295913508174747,inf,0.0
2490,Grapefruit,5.98,5.0,0.8,"Grapefruit, raw",0.0,578.0,"Vitamin B-12, added",UG,1.1960000000000002,1.495,2267.96,0.002636730806539798,0.003295913508174747,0.2636730806539798,0.3295913508174747,inf,0.0
2491,Grapefruit,5.98,5.0,0.8,"Grapefruit, raw",0.0,573.0,"Vitamin E, added",MG,1.1960000000000002,1.495,2267.96,0.002636730806539798,0.003295913508174747,0.2636730806539798,0.3295913508174747,inf,0.0
2492,Grapefruit,5.98,5.0,0.8,"Grapefruit, raw",0.08,303.0,"Iron, Fe",MG,1.1960000000000002,1.495,2267.96,0.002636730806539798,0.003295913508174747,0.2636730806539798,0.3295913508174747,4.119891885218434,0.24272481605351173
2493,Grapefruit,5.98,5.0,0.8,"Grapefruit, raw",0.043,404.0,Thiamin,MG,1.1960000000000002,1.495,2267.96,0.002636730806539798,0.003295913508174747,0.2636730806539798,0.3295913508174747,7.66491513529011,0.13046458862876253
2494,Grapefruit,5.98,5.0,0.8,"Grapefruit, raw",0.036,646.0,"Fatty acids, total polyunsaturated",G,1.1960000000000002,1.495,2267.96,0.002636730806539798,0.003295913508174747,0.2636730806539798,0.3295913508174747,9.155315300485409,0.10922616722408027
2495,Grapefruit,5.98,5.0,0.8,"Grapefruit, raw",0.0,612.0,SFA 14:0,G,1.1960000000000002,1.495,2267.96,0.002636730806539798,0.003295913508174747,0.2636730806539798,0.3295913508174747,inf,0.0
2496,Grapefruit,5.98,5.0,0.8,"Grapefruit, raw",0.0,610.0,SFA 10:0,G,1.1960000000000002,1.495,2267.96,0.002636730806539798,0.003295913508174747,0.2636730806539798,0.3295913508174747,inf,0.0
2497,Grapefruit,5.98,5.0,0.8,"Grapefruit, raw",0.0,620.0,PUFA 20:4,G,1.1960000000000002,1.495,2267.96,0.002636730806539798,0.003295913508174747,0.2636730806539798,0.3295913508174747,inf,0.0
2498,Grapefruit,5.98,5.0,0.8,"Grapefruit, raw",0.07,309.0,"Zinc, Zn",MG,1.1960000000000002,1.495,2267.96,0.002636730806539798,0.003295913508174747,0.2636730806539798,0.3295913508174747,4.708447868821067,0.21238421404682278
2499,Grapefruit,5.98,5.0,0.8,"Grapefruit, raw",0.0,629.0,PUFA 20:5 n-3 (EPA),G,1.1960000000000002,1.495,2267.96,0.002636730806539798,0.003295913508174747,0.2636730806539798,0.3295913508174747,inf,0.0
2500,Grapefruit,5.98,5.0,0.8,"Grapefruit, raw",0.0,621.0,PUFA 22:6 n-3 (DHA),G,1.1960000000000002,1.495,2267.96,0.002636730806539798,0.003295913508174747,0.2636730806539798,0.3295913508174747,inf,0.0
2501,Grapefruit,5.98,5.0,0.8,"Grapefruit, raw",42.0,208.0,Energy,KCAL,1.1960000000000002,1.495,2267.96,0.002636730806539798,0.003295913508174747,0.2636730806539798,0.3295913508174747,0.007847413114701779,127.43052842809365
2502,Grapefruit,5.98,5.0,0.8,"Grapefruit, raw",9.0,304.0,"Magnesium, Mg",MG,1.1960000000000002,1.495,2267.96,0.002636730806539798,0.003295913508174747,0.2636730806539798,0.3295913508174747,0.03662126120194163,27.306541806020068
2503,Grapefruit,5.98,5.0,0.8,"Grapefruit, raw",22.0,301.0,"Calcium, Ca",MG,1.1960000000000002,1.495,2267.96,0.002636730806539798,0.003295913508174747,0.2636730806539798,0.3295913508174747,0.014981425037157941,66.74932441471573
2504,Grapefruit,5.98,5.0,0.8,"Grapefruit, raw",10.66,205.0,"Carbohydrate, by difference",G,1.1960000000000002,1.495,2267.96,0.002636730806539798,0.003295913508174747,0.2636730806539798,0.3295913508174747,0.030918513209894437,32.34308173913044
2505,Grapefruit,5.98,5.0,0.8,"Grapefruit, raw",13.0,435.0,"Folate, DFE",UG,1.1960000000000002,1.495,2267.96,0.002636730806539798,0.003295913508174747,0.2636730806539798,0.3295913508174747,0.02535318083211344,39.44278260869566
2506,Grapefruit,5.98,5.0,0.8,"Grapefruit, raw",0.0,328.0,Vitamin D (D2 + D3),UG,1.1960000000000002,1.495,2267.96,0.002636730806539798,0.003295913508174747,0.2636730806539798,0.3295913508174747,inf,0.0
2507,Grapefruit,5.98,5.0,0.8,"Grapefruit, raw",0.0,630.0,MUFA 22:1,G,1.1960000000000002,1.495,2267.96,0.002636730806539798,0.003295913508174747,0.2636730806539798,0.3295913508174747,inf,0.0
2508,Grapefruit,5.98,5.0,0.8,"Grapefruit, raw",5.0,338.0,Lutein + zeaxanthin,UG,1.1960000000000002,1.495,2267.96,0.002636730806539798,0.003295913508174747,0.2636730806539798,0.3295913508174747,0.06591827016349494,15.170301003344482
2509,Grapefruit,5.98,5.0,0.8,"Grapefruit, raw",135.0,306.0,"Potassium, K",MG,1.1960000000000002,1.495,2267.96,0.002636730806539798,0.003295913508174747,0.2636730806539798,0.3295913508174747,0.0024414174134627757,409.59812709030103
2510,Grapefruit,5.98,5.0,0.8,"Grapefruit, raw",3.0,322.0,"Carotene, alpha",UG,1.1960000000000002,1.495,2267.96,0.002636730806539798,0.003295913508174747,0.2636730806539798,0.3295913508174747,0.1098637836058249,9.10218060200669
2511,Grapefruit,5.98,5.0,0.8,"Grapefruit, raw",0.0,628.0,MUFA 20:1,G,1.1960000000000002,1.495,2267.96,0.002636730806539798,0.003295913508174747,0.2636730806539798,0.3295913508174747,inf,0.0
2512,Grapefruit,5.98,5.0,0.8,"Grapefruit, raw",0.0,418.0,Vitamin B-12,UG,1.1960000000000002,1.495,2267.96,0.002636730806539798,0.003295913508174747,0.2636730806539798,0.3295913508174747,inf,0.0
2513,Grapefruit,5.98,5.0,0.8,"Grapefruit, raw",13.0,417.0,"Folate, total",UG,1.1960000000000002,1.495,2267.96,0.002636730806539798,0.003295913508174747,0.2636730806539798,0.3295913508174747,0.02535318083211344,39.44278260869566
2514,Grapefruit,5.98,5.0,0.8,"Grapefruit, raw",0.1,317.0,"Selenium, Se",UG,1.1960000000000002,1.495,2267.96,0.002636730806539798,0.003295913508174747,0.2636730806539798,0.3295913508174747,3.295913508174747,0.30340602006688966
2515,Grapefruit,5.98,5.0,0.8,"Grapefruit, raw",0.002,614.0,SFA 18:0,G,1.1960000000000002,1.495,2267.96,0.002636730806539798,0.003295913508174747,0.2636730806539798,0.3295913508174747,164.79567540873734,0.0060681204013377935
2516,Grapefruit,5.98,5.0,0.8,"Grapefruit, raw",0.0,609.0,SFA 8:0,G,1.1960000000000002,1.495,2267.96,0.002636730806539798,0.003295913508174747,0.2636730806539798,0.3295913508174747,inf,0.0
2517,Grapefruit,5.98,5.0,0.8,"Grapefruit, raw",6.0,334.0,"Cryptoxanthin, beta",UG,1.1960000000000002,1.495,2267.96,0.002636730806539798,0.003295913508174747,0.2636730806539798,0.3295913508174747,0.05493189180291245,18.20436120401338
2518,Grapefruit,5.98,5.0,0.8,"Grapefruit, raw",0.0,221.0,"Alcohol, ethyl",G,1.1960000000000002,1.495,2267.96,0.002636730806539798,0.003295913508174747,0.2636730806539798,0.3295913508174747,inf,0.0
2519,Grapefruit,5.98,5.0,0.8,"Grapefruit, raw",0.0,307.0,"Sodium, Na",MG,1.1960000000000002,1.495,2267.96,0.002636730806539798,0.003295913508174747,0.2636730806539798,0.3295913508174747,inf,0.0
2520,Grapefruit,5.98,5.0,0.8,"Grapefruit, raw",0.13,323.0,Vitamin E (alpha-tocopherol),MG,1.1960000000000002,1.495,2267.96,0.002636730806539798,0.003295913508174747,0.2636730806539798,0.3295913508174747,2.5353180832113438,0.3944278260869566
2521,Grapefruit,5.98,5.0,0.8,"Grapefruit, raw",7.7,421.0,"Choline, total",MG,1.1960000000000002,1.495,2267.96,0.002636730806539798,0.003295913508174747,0.2636730806539798,0.3295913508174747,0.042804071534736976,23.362263545150505
2522,Grapefruit,5.98,5.0,0.8,"Grapefruit, raw",0.0,601.0,Cholesterol,MG,1.1960000000000002,1.495,2267.96,0.002636730806539798,0.003295913508174747,0.2636730806539798,0.3295913508174747,inf,0.0
2523,Grapefruit,5.98,5.0,0.8,"Grapefruit, raw",6.89,269.0,"Sugars, Total",G,1.1960000000000002,1.495,2267.96,0.002636730806539798,0.003295913508174747,0.2636730806539798,0.3295913508174747,0.04783619024927064,20.904674782608698
2524,Grapefruit,5.98,5.0,0.8,"Grapefruit, raw",0.02,645.0,"Fatty acids, total monounsaturated",G,1.1960000000000002,1.495,2267.96,0.002636730806539798,0.003295913508174747,0.2636730806539798,0.3295913508174747,16.479567540873735,0.06068120401337793
2525,Grapefruit,5.98,5.0,0.8,"Grapefruit, raw",0.0,627.0,PUFA 18:4,G,1.1960000000000002,1.495,2267.96,0.002636730806539798,0.003295913508174747,0.2636730806539798,0.3295913508174747,inf,0.0
2526,Grapefruit,5.98,5.0,0.8,"Grapefruit, raw",0.0,262.0,Caffeine,MG,1.1960000000000002,1.495,2267.96,0.002636730806539798,0.003295913508174747,0.2636730806539798,0.3295913508174747,inf,0.0
2527,Grapefruit,5.98,5.0,0.8,"Grapefruit, raw",686.0,321.0,"Carotene, beta",UG,1.1960000000000002,1.495,2267.96,0.002636730806539798,0.003295913508174747,0.2636730806539798,0.3295913508174747,0.000480453864165415,2081.3652976588633
2528,Grapefruit,5.98,5.0,0.8,"Grapefruit, raw",58.0,320.0,"Vitamin A, RAE",UG,1.1960000000000002,1.495,2267.96,0.002636730806539798,0.003295913508174747,0.2636730806539798,0.3295913508174747,0.005682609496853012,175.975491638796
2529,Grapefruit,5.98,5.0,0.8,"Grapefruit, raw",31.2,401.0,"Vitamin C, total ascorbic acid",MG,1.1960000000000002,1.495,2267.96,0.002636730806539798,0.003295913508174747,0.2636730806539798,0.3295913508174747,0.010563825346713933,94.66267826086957
2530,Grapefruit,5.98,5.0,0.8,"Grapefruit, raw",88.06,255.0,Water,G,1.1960000000000002,1.495,2267.96,0.002636730806539798,0.003295913508174747,0.2636730806539798,0.3295913508174747,0.0037428043472345525,267.179341270903
2531,Grapefruit,5.98,5.0,0.8,"Grapefruit, raw",0.0,607.0,SFA 4:0,G,1.1960000000000002,1.495,2267.96,0.002636730806539798,0.003295913508174747,0.2636730806539798,0.3295913508174747,inf,0.0
2532,Grapefruit,5.98,5.0,0.8,"Grapefruit, raw",0.204,406.0,Niacin,MG,1.1960000000000002,1.495,2267.96,0.002636730806539798,0.003295913508174747,0.2636730806539798,0.3295913508174747,1.6156438765562486,0.6189482809364548
2533,Grapefruit,5.98,5.0,0.8,"Grapefruit, raw",0.0,431.0,Folic acid,UG,1.1960000000000002,1.495,2267.96,0.002636730806539798,0.003295913508174747,0.2636730806539798,0.3295913508174747,inf,0.0
2534,Grapefruit,5.98,5.0,0.8,"Grapefruit, raw",0.031,405.0,Riboflavin,MG,1.1960000000000002,1.495,2267.96,0.002636730806539798,0.003295913508174747,0.2636730806539798,0.3295913508174747,10.631979058628216,0.09405586622073579
2535,Grapefruit,5.98,5.0,0.8,"Grapefruit, raw",0.0,608.0,SFA 6:0,G,1.1960000000000002,1.495,2267.96,0.002636730806539798,0.003295913508174747,0.2636730806539798,0.3295913508174747,inf,0.0
2536,Grapefruit,5.98,5.0,0.8,"Grapefruit, raw",0.0,631.0,PUFA 22:5 n-3 (DPA),G,1.1960000000000002,1.495,2267.96,0.002636730806539798,0.003295913508174747,0.2636730806539798,0.3295913508174747,inf,0.0
2537,Grapefruit,5.98,5.0,0.8,"Grapefruit, raw",0.002,626.0,MUFA 16:1,G,1.1960000000000002,1.495,2267.96,0.002636730806539798,0.003295913508174747,0.2636730806539798,0.3295913508174747,164.79567540873734,0.0060681204013377935
2538,Grapefruit,5.98,5.0,0.8,"Grapefruit, raw",13.0,432.0,"Folate, food",UG,1.1960000000000002,1.495,2267.96,0.002636730806539798,0.003295913508174747,0.2636730806539798,0.3295913508174747,0.02535318083211344,39.44278260869566
2539,Grapefruit,5.98,5.0,0.8,"Grapefruit, raw",0.029,618.0,PUFA 18:2,G,1.1960000000000002,1.495,2267.96,0.002636730806539798,0.003295913508174747,0.2636730806539798,0.3295913508174747,11.365218993706023,0.087987745819398
2540,Grapefruit,5.98,5.0,0.8,"Grapefruit, raw",1419.0,337.0,Lycopene,UG,1.1960000000000002,1.495,2267.96,0.002636730806539798,0.003295913508174747,0.2636730806539798,0.3295913508174747,0.0002322701556148518,4305.331424749164
2541,Grapefruit,5.98,5.0,0.8,"Grapefruit, raw",0.0,430.0,Vitamin K (phylloquinone),UG,1.1960000000000002,1.495,2267.96,0.002636730806539798,0.003295913508174747,0.2636730806539798,0.3295913508174747,inf,0.0
2542,Grapefruit,5.98,5.0,0.8,"Grapefruit, raw",0.77,203.0,Protein,G,1.1960000000000002,1.495,2267.96,0.002636730806539798,0.003295913508174747,0.2636730806539798,0.3295913508174747,0.42804071534736976,2.3362263545150506
2543,Pomegranates,4.0,1.0,0.75,"Pomegranate, raw",0.0,321.0,"Carotene, beta",UG,4.0,5.333333333333333,453.592,0.00881849768073511,0.011757996907646815,0.881849768073511,1.1757996907646815,inf,0.0
2544,Pomegranates,4.0,1.0,0.75,"Pomegranate, raw",0.0,620.0,PUFA 20:4,G,4.0,5.333333333333333,453.592,0.00881849768073511,0.011757996907646815,0.881849768073511,1.1757996907646815,inf,0.0
2545,Pomegranates,4.0,1.0,0.75,"Pomegranate, raw",0.0,337.0,Lycopene,UG,4.0,5.333333333333333,453.592,0.00881849768073511,0.011757996907646815,0.881849768073511,1.1757996907646815,inf,0.0
2546,Pomegranates,4.0,1.0,0.75,"Pomegranate, raw",0.006,612.0,SFA 14:0,G,4.0,5.333333333333333,453.592,0.00881849768073511,0.011757996907646815,0.881849768073511,1.1757996907646815,195.96661512744691,0.0051029099999999996
2547,Pomegranates,4.0,1.0,0.75,"Pomegranate, raw",3.0,307.0,"Sodium, Na",MG,4.0,5.333333333333333,453.592,0.00881849768073511,0.011757996907646815,0.881849768073511,1.1757996907646815,0.39193323025489385,2.551455
2548,Pomegranates,4.0,1.0,0.75,"Pomegranate, raw",0.12,606.0,"Fatty acids, total saturated",G,4.0,5.333333333333333,453.592,0.00881849768073511,0.011757996907646815,0.881849768073511,1.1757996907646815,9.798330756372346,0.10205819999999999
2549,Pomegranates,4.0,1.0,0.75,"Pomegranate, raw",0.0,621.0,PUFA 22:6 n-3 (DHA),G,4.0,5.333333333333333,453.592,0.00881849768073511,0.011757996907646815,0.881849768073511,1.1757996907646815,inf,0.0
2550,Pomegranates,4.0,1.0,0.75,"Pomegranate, raw",0.0,262.0,Caffeine,MG,4.0,5.333333333333333,453.592,0.00881849768073511,0.011757996907646815,0.881849768073511,1.1757996907646815,inf,0.0
2551,Pomegranates,4.0,1.0,0.75,"Pomegranate, raw",0.07,613.0,SFA 16:0,G,4.0,5.333333333333333,453.592,0.00881849768073511,0.011757996907646815,0.881849768073511,1.1757996907646815,16.79713843949545,0.059533949999999995
2552,Pomegranates,4.0,1.0,0.75,"Pomegranate, raw",0.0,610.0,SFA 10:0,G,4.0,5.333333333333333,453.592,0.00881849768073511,0.011757996907646815,0.881849768073511,1.1757996907646815,inf,0.0
2553,Pomegranates,4.0,1.0,0.75,"Pomegranate, raw",0.0,629.0,PUFA 20:5 n-3 (EPA),G,4.0,5.333333333333333,453.592,0.00881849768073511,0.011757996907646815,0.881849768073511,1.1757996907646815,inf,0.0
2554,Pomegranates,4.0,1.0,0.75,"Pomegranate, raw",77.93,255.0,Water,G,4.0,5.333333333333333,453.592,0.00881849768073511,0.011757996907646815,0.881849768073511,1.1757996907646815,0.015087895428778152,66.27829605
2555,Pomegranates,4.0,1.0,0.75,"Pomegranate, raw",0.0,619.0,PUFA 18:3,G,4.0,5.333333333333333,453.592,0.00881849768073511,0.011757996907646815,0.881849768073511,1.1757996907646815,inf,0.0
2556,Pomegranates,4.0,1.0,0.75,"Pomegranate, raw",0.0,263.0,Theobromine,MG,4.0,5.333333333333333,453.592,0.00881849768073511,0.011757996907646815,0.881849768073511,1.1757996907646815,inf,0.0
2557,Pomegranates,4.0,1.0,0.75,"Pomegranate, raw",0.5,317.0,"Selenium, Se",UG,4.0,5.333333333333333,453.592,0.00881849768073511,0.011757996907646815,0.881849768073511,1.1757996907646815,2.351599381529363,0.42524249999999997
2558,Pomegranates,4.0,1.0,0.75,"Pomegranate, raw",18.7,205.0,"Carbohydrate, by difference",G,4.0,5.333333333333333,453.592,0.00881849768073511,0.011757996907646815,0.881849768073511,1.1757996907646815,0.06287698881094554,15.904069499999997
2559,Pomegranates,4.0,1.0,0.75,"Pomegranate, raw",0.0,319.0,Retinol,UG,4.0,5.333333333333333,453.592,0.00881849768073511,0.011757996907646815,0.881849768073511,1.1757996907646815,inf,0.0
2560,Pomegranates,4.0,1.0,0.75,"Pomegranate, raw",0.0,578.0,"Vitamin B-12, added",UG,4.0,5.333333333333333,453.592,0.00881849768073511,0.011757996907646815,0.881849768073511,1.1757996907646815,inf,0.0
2561,Pomegranates,4.0,1.0,0.75,"Pomegranate, raw",0.0,631.0,PUFA 22:5 n-3 (DPA),G,4.0,5.333333333333333,453.592,0.00881849768073511,0.011757996907646815,0.881849768073511,1.1757996907646815,inf,0.0
2562,Pomegranates,4.0,1.0,0.75,"Pomegranate, raw",38.0,432.0,"Folate, food",UG,4.0,5.333333333333333,453.592,0.00881849768073511,0.011757996907646815,0.881849768073511,1.1757996907646815,0.030942097125386356,32.31842999999999
2563,Pomegranates,4.0,1.0,0.75,"Pomegranate, raw",0.0,609.0,SFA 8:0,G,4.0,5.333333333333333,453.592,0.00881849768073511,0.011757996907646815,0.881849768073511,1.1757996907646815,inf,0.0
2564,Pomegranates,4.0,1.0,0.75,"Pomegranate, raw",0.077,617.0,MUFA 18:1,G,4.0,5.333333333333333,453.592,0.00881849768073511,0.011757996907646815,0.881849768073511,1.1757996907646815,15.270125854086773,0.06548734499999999
2565,Pomegranates,4.0,1.0,0.75,"Pomegranate, raw",0.0,607.0,SFA 4:0,G,4.0,5.333333333333333,453.592,0.00881849768073511,0.011757996907646815,0.881849768073511,1.1757996907646815,inf,0.0
2566,Pomegranates,4.0,1.0,0.75,"Pomegranate, raw",0.0,338.0,Lutein + zeaxanthin,UG,4.0,5.333333333333333,453.592,0.00881849768073511,0.011757996907646815,0.881849768073511,1.1757996907646815,inf,0.0
2567,Pomegranates,4.0,1.0,0.75,"Pomegranate, raw",4.0,291.0,"Fiber, total dietary",G,4.0,5.333333333333333,453.592,0.00881849768073511,0.011757996907646815,0.881849768073511,1.1757996907646815,0.2939499226911704,3.4019399999999997
2568,Pomegranates,4.0,1.0,0.75,"Pomegranate, raw",1.67,203.0,Protein,G,4.0,5.333333333333333,453.592,0.00881849768073511,0.011757996907646815,0.881849768073511,1.1757996907646815,0.7040716711165758,1.4203099499999998
2569,Pomegranates,4.0,1.0,0.75,"Pomegranate, raw",0.3,303.0,"Iron, Fe",MG,4.0,5.333333333333333,453.592,0.00881849768073511,0.011757996907646815,0.881849768073511,1.1757996907646815,3.9193323025489386,0.25514549999999997
2570,Pomegranates,4.0,1.0,0.75,"Pomegranate, raw",38.0,435.0,"Folate, DFE",UG,4.0,5.333333333333333,453.592,0.00881849768073511,0.011757996907646815,0.881849768073511,1.1757996907646815,0.030942097125386356,32.31842999999999
2571,Pomegranates,4.0,1.0,0.75,"Pomegranate, raw",0.004,628.0,MUFA 20:1,G,4.0,5.333333333333333,453.592,0.00881849768073511,0.011757996907646815,0.881849768073511,1.1757996907646815,293.94992269117034,0.0034019399999999996
2572,Pomegranates,4.0,1.0,0.75,"Pomegranate, raw",0.093,645.0,"Fatty acids, total monounsaturated",G,4.0,5.333333333333333,453.592,0.00881849768073511,0.011757996907646815,0.881849768073511,1.1757996907646815,12.64300742757722,0.07909510499999999
2573,Pomegranates,4.0,1.0,0.75,"Pomegranate, raw",0.0,608.0,SFA 6:0,G,4.0,5.333333333333333,453.592,0.00881849768073511,0.011757996907646815,0.881849768073511,1.1757996907646815,inf,0.0
2574,Pomegranates,4.0,1.0,0.75,"Pomegranate, raw",0.0,573.0,"Vitamin E, added",MG,4.0,5.333333333333333,453.592,0.00881849768073511,0.011757996907646815,0.881849768073511,1.1757996907646815,inf,0.0
2575,Pomegranates,4.0,1.0,0.75,"Pomegranate, raw",0.6,323.0,Vitamin E (alpha-tocopherol),MG,4.0,5.333333333333333,453.592,0.00881849768073511,0.011757996907646815,0.881849768073511,1.1757996907646815,1.9596661512744693,0.5102909999999999
2576,Pomegranates,4.0,1.0,0.75,"Pomegranate, raw",0.0,320.0,"Vitamin A, RAE",UG,4.0,5.333333333333333,453.592,0.00881849768073511,0.011757996907646815,0.881849768073511,1.1757996907646815,inf,0.0
2577,Pomegranates,4.0,1.0,0.75,"Pomegranate, raw",83.0,208.0,Energy,KCAL,4.0,5.333333333333333,453.592,0.00881849768073511,0.011757996907646815,0.881849768073511,1.1757996907646815,0.014166261334514235,70.59025499999998
2578,Pomegranates,4.0,1.0,0.75,"Pomegranate, raw",38.0,417.0,"Folate, total",UG,4.0,5.333333333333333,453.592,0.00881849768073511,0.011757996907646815,0.881849768073511,1.1757996907646815,0.030942097125386356,32.31842999999999
2579,Pomegranates,4.0,1.0,0.75,"Pomegranate, raw",7.6,421.0,"Choline, total",MG,4.0,5.333333333333333,453.592,0.00881849768073511,0.011757996907646815,0.881849768073511,1.1757996907646815,0.1547104856269318,6.463685999999999
2580,Pomegranates,4.0,1.0,0.75,"Pomegranate, raw",0.079,618.0,PUFA 18:2,G,4.0,5.333333333333333,453.592,0.00881849768073511,0.011757996907646815,0.881849768073511,1.1757996907646815,14.883540389426347,0.06718831499999998
2581,Pomegranates,4.0,1.0,0.75,"Pomegranate, raw",0.0,221.0,"Alcohol, ethyl",G,4.0,5.333333333333333,453.592,0.00881849768073511,0.011757996907646815,0.881849768073511,1.1757996907646815,inf,0.0
2582,Pomegranates,4.0,1.0,0.75,"Pomegranate, raw",0.0,334.0,"Cryptoxanthin, beta",UG,4.0,5.333333333333333,453.592,0.00881849768073511,0.011757996907646815,0.881849768073511,1.1757996907646815,inf,0.0
2583,Pomegranates,4.0,1.0,0.75,"Pomegranate, raw",0.0,627.0,PUFA 18:4,G,4.0,5.333333333333333,453.592,0.00881849768073511,0.011757996907646815,0.881849768073511,1.1757996907646815,inf,0.0
2584,Pomegranates,4.0,1.0,0.75,"Pomegranate, raw",0.038,614.0,SFA 18:0,G,4.0,5.333333333333333,453.592,0.00881849768073511,0.011757996907646815,0.881849768073511,1.1757996907646815,30.942097125386354,0.032318429999999995
2585,Pomegranates,4.0,1.0,0.75,"Pomegranate, raw",0.0,328.0,Vitamin D (D2 + D3),UG,4.0,5.333333333333333,453.592,0.00881849768073511,0.011757996907646815,0.881849768073511,1.1757996907646815,inf,0.0
2586,Pomegranates,4.0,1.0,0.75,"Pomegranate, raw",236.0,306.0,"Potassium, K",MG,4.0,5.333333333333333,453.592,0.00881849768073511,0.011757996907646815,0.881849768073511,1.1757996907646815,0.004982202079511363,200.71445999999997
2587,Pomegranates,4.0,1.0,0.75,"Pomegranate, raw",10.0,301.0,"Calcium, Ca",MG,4.0,5.333333333333333,453.592,0.00881849768073511,0.011757996907646815,0.881849768073511,1.1757996907646815,0.11757996907646814,8.50485
2588,Pomegranates,4.0,1.0,0.75,"Pomegranate, raw",0.35,309.0,"Zinc, Zn",MG,4.0,5.333333333333333,453.592,0.00881849768073511,0.011757996907646815,0.881849768073511,1.1757996907646815,3.3594276878990903,0.29766974999999996
2589,Pomegranates,4.0,1.0,0.75,"Pomegranate, raw",13.67,269.0,"Sugars, Total",G,4.0,5.333333333333333,453.592,0.00881849768073511,0.011757996907646815,0.881849768073511,1.1757996907646815,0.08601314489865995,11.626129949999997
2590,Pomegranates,4.0,1.0,0.75,"Pomegranate, raw",0.079,646.0,"Fatty acids, total polyunsaturated",G,4.0,5.333333333333333,453.592,0.00881849768073511,0.011757996907646815,0.881849768073511,1.1757996907646815,14.883540389426347,0.06718831499999998
2591,Pomegranates,4.0,1.0,0.75,"Pomegranate, raw",0.0,322.0,"Carotene, alpha",UG,4.0,5.333333333333333,453.592,0.00881849768073511,0.011757996907646815,0.881849768073511,1.1757996907646815,inf,0.0
2592,Pomegranates,4.0,1.0,0.75,"Pomegranate, raw",0.012,626.0,MUFA 16:1,G,4.0,5.333333333333333,453.592,0.00881849768073511,0.011757996907646815,0.881849768073511,1.1757996907646815,97.98330756372346,0.010205819999999999
2593,Pomegranates,4.0,1.0,0.75,"Pomegranate, raw",16.4,430.0,Vitamin K (phylloquinone),UG,4.0,5.333333333333333,453.592,0.00881849768073511,0.011757996907646815,0.881849768073511,1.1757996907646815,0.07169510309540741,13.947953999999998
2594,Pomegranates,4.0,1.0,0.75,"Pomegranate, raw",0.0,418.0,Vitamin B-12,UG,4.0,5.333333333333333,453.592,0.00881849768073511,0.011757996907646815,0.881849768073511,1.1757996907646815,inf,0.0
2595,Pomegranates,4.0,1.0,0.75,"Pomegranate, raw",0.067,404.0,Thiamin,MG,4.0,5.333333333333333,453.592,0.00881849768073511,0.011757996907646815,0.881849768073511,1.1757996907646815,17.549249115890767,0.056982494999999994
2596,Pomegranates,4.0,1.0,0.75,"Pomegranate, raw",12.0,304.0,"Magnesium, Mg",MG,4.0,5.333333333333333,453.592,0.00881849768073511,0.011757996907646815,0.881849768073511,1.1757996907646815,0.09798330756372346,10.20582
2597,Pomegranates,4.0,1.0,0.75,"Pomegranate, raw",0.293,406.0,Niacin,MG,4.0,5.333333333333333,453.592,0.00881849768073511,0.011757996907646815,0.881849768073511,1.1757996907646815,4.012968227865807,0.24919210499999994
2598,Pomegranates,4.0,1.0,0.75,"Pomegranate, raw",1.17,204.0,Total lipid (fat),G,4.0,5.333333333333333,453.592,0.00881849768073511,0.011757996907646815,0.881849768073511,1.1757996907646815,1.004957000653574,0.9950674499999999
2599,Pomegranates,4.0,1.0,0.75,"Pomegranate, raw",0.053,405.0,Riboflavin,MG,4.0,5.333333333333333,453.592,0.00881849768073511,0.011757996907646815,0.881849768073511,1.1757996907646815,22.18489982574871,0.045075704999999994
2600,Pomegranates,4.0,1.0,0.75,"Pomegranate, raw",10.2,401.0,"Vitamin C, total ascorbic acid",MG,4.0,5.333333333333333,453.592,0.00881849768073511,0.011757996907646815,0.881849768073511,1.1757996907646815,0.11527447948673349,8.674946999999998
2601,Pomegranates,4.0,1.0,0.75,"Pomegranate, raw",0.0,630.0,MUFA 22:1,G,4.0,5.333333333333333,453.592,0.00881849768073511,0.011757996907646815,0.881849768073511,1.1757996907646815,inf,0.0
2602,Pomegranates,4.0,1.0,0.75,"Pomegranate, raw",0.158,312.0,"Copper, Cu",MG,4.0,5.333333333333333,453.592,0.00881849768073511,0.011757996907646815,0.881849768073511,1.1757996907646815,7.441770194713174,0.13437662999999997
2603,Pomegranates,4.0,1.0,0.75,"Pomegranate, raw",0.075,415.0,Vitamin B-6,MG,4.0,5.333333333333333,453.592,0.00881849768073511,0.011757996907646815,0.881849768073511,1.1757996907646815,15.677329210195754,0.06378637499999999
2604,Pomegranates,4.0,1.0,0.75,"Pomegranate, raw",36.0,305.0,"Phosphorus, P",MG,4.0,5.333333333333333,453.592,0.00881849768073511,0.011757996907646815,0.881849768073511,1.1757996907646815,0.03266110252124115,30.617459999999994
2605,Pomegranates,4.0,1.0,0.75,"Pomegranate, raw",0.0,431.0,Folic acid,UG,4.0,5.333333333333333,453.592,0.00881849768073511,0.011757996907646815,0.881849768073511,1.1757996907646815,inf,0.0
2606,Pomegranates,4.0,1.0,0.75,"Pomegranate, raw",0.0,601.0,Cholesterol,MG,4.0,5.333333333333333,453.592,0.00881849768073511,0.011757996907646815,0.881849768073511,1.1757996907646815,inf,0.0
2607,Pomegranates,4.0,1.0,0.75,"Pomegranate, raw",0.006,611.0,SFA 12:0,G,4.0,5.333333333333333,453.592,0.00881849768073511,0.011757996907646815,0.881849768073511,1.1757996907646815,195.96661512744691,0.0051029099999999996
2608,Bananas,0.48,1.0,0.8,"Banana, raw",15.0,417.0,"Folate, total",UG,0.48,0.6,453.592,0.001058219721688213,0.0013227746521102665,0.1058219721688213,0.13227746521102665,0.00881849768073511,113.398
2609,Bananas,0.48,1.0,0.8,"Banana, raw",0.0,620.0,PUFA 20:4,G,0.48,0.6,453.592,0.001058219721688213,0.0013227746521102665,0.1058219721688213,0.13227746521102665,inf,0.0
2610,Bananas,0.48,1.0,0.8,"Banana, raw",0.0,609.0,SFA 8:0,G,0.48,0.6,453.592,0.001058219721688213,0.0013227746521102665,0.1058219721688213,0.13227746521102665,inf,0.0
2611,Bananas,0.48,1.0,0.8,"Banana, raw",8.0,321.0,"Carotene, beta",UG,0.48,0.6,453.592,0.001058219721688213,0.0013227746521102665,0.1058219721688213,0.13227746521102665,0.01653468315137833,60.47893333333333
2612,Bananas,0.48,1.0,0.8,"Banana, raw",0.0,319.0,Retinol,UG,0.48,0.6,453.592,0.001058219721688213,0.0013227746521102665,0.1058219721688213,0.13227746521102665,inf,0.0
2613,Bananas,0.48,1.0,0.8,"Banana, raw",97.0,208.0,Energy,KCAL,0.48,0.6,453.592,0.001058219721688213,0.0013227746521102665,0.1058219721688213,0.13227746521102665,0.0013636852083610995,733.3070666666666
2614,Bananas,0.48,1.0,0.8,"Banana, raw",0.28,204.0,Total lipid (fat),G,0.48,0.6,453.592,0.001058219721688213,0.0013227746521102665,0.1058219721688213,0.13227746521102665,0.47241951861080944,2.116762666666667
2615,Bananas,0.48,1.0,0.8,"Banana, raw",0.001,610.0,SFA 10:0,G,0.48,0.6,453.592,0.001058219721688213,0.0013227746521102665,0.1058219721688213,0.13227746521102665,132.27746521102665,0.0075598666666666665
2616,Bananas,0.48,1.0,0.8,"Banana, raw",0.0,221.0,"Alcohol, ethyl",G,0.48,0.6,453.592,0.001058219721688213,0.0013227746521102665,0.1058219721688213,0.13227746521102665,inf,0.0
2617,Bananas,0.48,1.0,0.8,"Banana, raw",0.0,608.0,SFA 6:0,G,0.48,0.6,453.592,0.001058219721688213,0.0013227746521102665,0.1058219721688213,0.13227746521102665,inf,0.0
2618,Bananas,0.48,1.0,0.8,"Banana, raw",0.0,601.0,Cholesterol,MG,0.48,0.6,453.592,0.001058219721688213,0.0013227746521102665,0.1058219721688213,0.13227746521102665,inf,0.0
2619,Bananas,0.48,1.0,0.8,"Banana, raw",22.0,338.0,Lutein + zeaxanthin,UG,0.48,0.6,453.592,0.001058219721688213,0.0013227746521102665,0.1058219721688213,0.13227746521102665,0.006012612055046666,166.31706666666668
2620,Bananas,0.48,1.0,0.8,"Banana, raw",0.0,630.0,MUFA 22:1,G,0.48,0.6,453.592,0.001058219721688213,0.0013227746521102665,0.1058219721688213,0.13227746521102665,inf,0.0
2621,Bananas,0.48,1.0,0.8,"Banana, raw",0.0,621.0,PUFA 22:6 n-3 (DHA),G,0.48,0.6,453.592,0.001058219721688213,0.0013227746521102665,0.1058219721688213,0.13227746521102665,inf,0.0
2622,Bananas,0.48,1.0,0.8,"Banana, raw",0.0,263.0,Theobromine,MG,0.48,0.6,453.592,0.001058219721688213,0.0013227746521102665,0.1058219721688213,0.13227746521102665,inf,0.0
2623,Bananas,0.48,1.0,0.8,"Banana, raw",0.0,337.0,Lycopene,UG,0.48,0.6,453.592,0.001058219721688213,0.0013227746521102665,0.1058219721688213,0.13227746521102665,inf,0.0
2624,Bananas,0.48,1.0,0.8,"Banana, raw",0.1,323.0,Vitamin E (alpha-tocopherol),MG,0.48,0.6,453.592,0.001058219721688213,0.0013227746521102665,0.1058219721688213,0.13227746521102665,1.3227746521102663,0.7559866666666667
2625,Bananas,0.48,1.0,0.8,"Banana, raw",0.054,404.0,Thiamin,MG,0.48,0.6,453.592,0.001058219721688213,0.0013227746521102665,0.1058219721688213,0.13227746521102665,2.449582689093086,0.4082328
2626,Bananas,0.48,1.0,0.8,"Banana, raw",0.01,626.0,MUFA 16:1,G,0.48,0.6,453.592,0.001058219721688213,0.0013227746521102665,0.1058219721688213,0.13227746521102665,13.227746521102665,0.07559866666666666
2627,Bananas,0.48,1.0,0.8,"Banana, raw",0.653,406.0,Niacin,MG,0.48,0.6,453.592,0.001058219721688213,0.0013227746521102665,0.1058219721688213,0.13227746521102665,0.2025688594349566,4.936592933333333
2628,Bananas,0.48,1.0,0.8,"Banana, raw",15.0,432.0,"Folate, food",UG,0.48,0.6,453.592,0.001058219721688213,0.0013227746521102665,0.1058219721688213,0.13227746521102665,0.00881849768073511,113.398
2629,Bananas,0.48,1.0,0.8,"Banana, raw",0.0,317.0,"Selenium, Se",UG,0.48,0.6,453.592,0.001058219721688213,0.0013227746521102665,0.1058219721688213,0.13227746521102665,inf,0.0
2630,Bananas,0.48,1.0,0.8,"Banana, raw",0.0,328.0,Vitamin D (D2 + D3),UG,0.48,0.6,453.592,0.001058219721688213,0.0013227746521102665,0.1058219721688213,0.13227746521102665,inf,0.0
2631,Bananas,0.48,1.0,0.8,"Banana, raw",0.0,405.0,Riboflavin,MG,0.48,0.6,453.592,0.001058219721688213,0.0013227746521102665,0.1058219721688213,0.13227746521102665,inf,0.0
2632,Bananas,0.48,1.0,0.8,"Banana, raw",28.0,304.0,"Magnesium, Mg",MG,0.48,0.6,453.592,0.001058219721688213,0.0013227746521102665,0.1058219721688213,0.13227746521102665,0.004724195186108095,211.67626666666666
2633,Bananas,0.48,1.0,0.8,"Banana, raw",22.71,205.0,"Carbohydrate, by difference",G,0.48,0.6,453.592,0.001058219721688213,0.0013227746521102665,0.1058219721688213,0.13227746521102665,0.005824635192031116,171.684572
2634,Bananas,0.48,1.0,0.8,"Banana, raw",75.6,255.0,Water,G,0.48,0.6,453.592,0.001058219721688213,0.0013227746521102665,0.1058219721688213,0.13227746521102665,0.0017497019207807758,571.5259199999999
2635,Bananas,0.48,1.0,0.8,"Banana, raw",0.0,607.0,SFA 4:0,G,0.48,0.6,453.592,0.001058219721688213,0.0013227746521102665,0.1058219721688213,0.13227746521102665,inf,0.0
2636,Bananas,0.48,1.0,0.8,"Banana, raw",15.0,435.0,"Folate, DFE",UG,0.48,0.6,453.592,0.001058219721688213,0.0013227746521102665,0.1058219721688213,0.13227746521102665,0.00881849768073511,113.398
2637,Bananas,0.48,1.0,0.8,"Banana, raw",326.0,306.0,"Potassium, K",MG,0.48,0.6,453.592,0.001058219721688213,0.0013227746521102665,0.1058219721688213,0.13227746521102665,0.00040575909573934554,2464.5165333333334
2638,Bananas,0.48,1.0,0.8,"Banana, raw",5.0,301.0,"Calcium, Ca",MG,0.48,0.6,453.592,0.001058219721688213,0.0013227746521102665,0.1058219721688213,0.13227746521102665,0.02645549304220533,37.79933333333333
2639,Bananas,0.48,1.0,0.8,"Banana, raw",0.0,262.0,Caffeine,MG,0.48,0.6,453.592,0.001058219721688213,0.0013227746521102665,0.1058219721688213,0.13227746521102665,inf,0.0
2640,Bananas,0.48,1.0,0.8,"Banana, raw",12.0,401.0,"Vitamin C, total ascorbic acid",MG,0.48,0.6,453.592,0.001058219721688213,0.0013227746521102665,0.1058219721688213,0.13227746521102665,0.011023122100918888,90.7184
2641,Bananas,0.48,1.0,0.8,"Banana, raw",0.002,611.0,SFA 12:0,G,0.48,0.6,453.592,0.001058219721688213,0.0013227746521102665,0.1058219721688213,0.13227746521102665,66.13873260551333,0.015119733333333333
2642,Bananas,0.48,1.0,0.8,"Banana, raw",0.0,628.0,MUFA 20:1,G,0.48,0.6,453.592,0.001058219721688213,0.0013227746521102665,0.1058219721688213,0.13227746521102665,inf,0.0
2643,Bananas,0.48,1.0,0.8,"Banana, raw",0.74,203.0,Protein,G,0.48,0.6,453.592,0.001058219721688213,0.0013227746521102665,0.1058219721688213,0.13227746521102665,0.17875333136625224,5.594301333333333
2644,Bananas,0.48,1.0,0.8,"Banana, raw",0.0,307.0,"Sodium, Na",MG,0.48,0.6,453.592,0.001058219721688213,0.0013227746521102665,0.1058219721688213,0.13227746521102665,inf,0.0
2645,Bananas,0.48,1.0,0.8,"Banana, raw",1.7,291.0,"Fiber, total dietary",G,0.48,0.6,453.592,0.001058219721688213,0.0013227746521102665,0.1058219721688213,0.13227746521102665,0.07781027365354509,12.851773333333332
2646,Bananas,0.48,1.0,0.8,"Banana, raw",22.0,305.0,"Phosphorus, P",MG,0.48,0.6,453.592,0.001058219721688213,0.0013227746521102665,0.1058219721688213,0.13227746521102665,0.006012612055046666,166.31706666666668
2647,Bananas,0.48,1.0,0.8,"Banana, raw",0.022,617.0,MUFA 18:1,G,0.48,0.6,453.592,0.001058219721688213,0.0013227746521102665,0.1058219721688213,0.13227746521102665,6.012612055046667,0.16631706666666665
2648,Bananas,0.48,1.0,0.8,"Banana, raw",0.16,309.0,"Zinc, Zn",MG,0.48,0.6,453.592,0.001058219721688213,0.0013227746521102665,0.1058219721688213,0.13227746521102665,0.8267341575689166,1.2095786666666666
2649,Bananas,0.48,1.0,0.8,"Banana, raw",0.101,312.0,"Copper, Cu",MG,0.48,0.6,453.592,0.001058219721688213,0.0013227746521102665,0.1058219721688213,0.13227746521102665,1.3096778733765013,0.7635465333333333
2650,Bananas,0.48,1.0,0.8,"Banana, raw",0.0,334.0,"Cryptoxanthin, beta",UG,0.48,0.6,453.592,0.001058219721688213,0.0013227746521102665,0.1058219721688213,0.13227746521102665,inf,0.0
2651,Bananas,0.48,1.0,0.8,"Banana, raw",0.0,631.0,PUFA 22:5 n-3 (DPA),G,0.48,0.6,453.592,0.001058219721688213,0.0013227746521102665,0.1058219721688213,0.13227746521102665,inf,0.0
2652,Bananas,0.48,1.0,0.8,"Banana, raw",1.0,320.0,"Vitamin A, RAE",UG,0.48,0.6,453.592,0.001058219721688213,0.0013227746521102665,0.1058219721688213,0.13227746521102665,0.13227746521102665,7.559866666666666
2653,Bananas,0.48,1.0,0.8,"Banana, raw",7.0,322.0,"Carotene, alpha",UG,0.48,0.6,453.592,0.001058219721688213,0.0013227746521102665,0.1058219721688213,0.13227746521102665,0.01889678074443238,52.919066666666666
2654,Bananas,0.48,1.0,0.8,"Banana, raw",0.032,645.0,"Fatty acids, total monounsaturated",G,0.48,0.6,453.592,0.001058219721688213,0.0013227746521102665,0.1058219721688213,0.13227746521102665,4.133670787844583,0.24191573333333333
2655,Bananas,0.48,1.0,0.8,"Banana, raw",0.027,619.0,PUFA 18:3,G,0.48,0.6,453.592,0.001058219721688213,0.0013227746521102665,0.1058219721688213,0.13227746521102665,4.899165378186172,0.2041164
2656,Bananas,0.48,1.0,0.8,"Banana, raw",0.0,303.0,"Iron, Fe",MG,0.48,0.6,453.592,0.001058219721688213,0.0013227746521102665,0.1058219721688213,0.13227746521102665,inf,0.0
2657,Bananas,0.48,1.0,0.8,"Banana, raw",9.8,421.0,"Choline, total",MG,0.48,0.6,453.592,0.001058219721688213,0.0013227746521102665,0.1058219721688213,0.13227746521102665,0.013497700531737412,74.08669333333334
2658,Bananas,0.48,1.0,0.8,"Banana, raw",0.002,612.0,SFA 14:0,G,0.48,0.6,453.592,0.001058219721688213,0.0013227746521102665,0.1058219721688213,0.13227746521102665,66.13873260551333,0.015119733333333333
2659,Bananas,0.48,1.0,0.8,"Banana, raw",0.0,431.0,Folic acid,UG,0.48,0.6,453.592,0.001058219721688213,0.0013227746521102665,0.1058219721688213,0.13227746521102665,inf,0.0
2660,Bananas,0.48,1.0,0.8,"Banana, raw",0.212,415.0,Vitamin B-6,MG,0.48,0.6,453.592,0.001058219721688213,0.0013227746521102665,0.1058219721688213,0.13227746521102665,0.6239503075991824,1.6026917333333333
2661,Bananas,0.48,1.0,0.8,"Banana, raw",0.1,430.0,Vitamin K (phylloquinone),UG,0.48,0.6,453.592,0.001058219721688213,0.0013227746521102665,0.1058219721688213,0.13227746521102665,1.3227746521102663,0.7559866666666667
2662,Bananas,0.48,1.0,0.8,"Banana, raw",0.0,629.0,PUFA 20:5 n-3 (EPA),G,0.48,0.6,453.592,0.001058219721688213,0.0013227746521102665,0.1058219721688213,0.13227746521102665,inf,0.0
2663,Bananas,0.48,1.0,0.8,"Banana, raw",0.0,578.0,"Vitamin B-12, added",UG,0.48,0.6,453.592,0.001058219721688213,0.0013227746521102665,0.1058219721688213,0.13227746521102665,inf,0.0
2664,Bananas,0.48,1.0,0.8,"Banana, raw",0.0,627.0,PUFA 18:4,G,0.48,0.6,453.592,0.001058219721688213,0.0013227746521102665,0.1058219721688213,0.13227746521102665,inf,0.0
2665,Bananas,0.48,1.0,0.8,"Banana, raw",0.102,613.0,SFA 16:0,G,0.48,0.6,453.592,0.001058219721688213,0.0013227746521102665,0.1058219721688213,0.13227746521102665,1.2968378942257515,0.7711064
2666,Bananas,0.48,1.0,0.8,"Banana, raw",0.0,573.0,"Vitamin E, added",MG,0.48,0.6,453.592,0.001058219721688213,0.0013227746521102665,0.1058219721688213,0.13227746521102665,inf,0.0
2667,Bananas,0.48,1.0,0.8,"Banana, raw",0.0,418.0,Vitamin B-12,UG,0.48,0.6,453.592,0.001058219721688213,0.0013227746521102665,0.1058219721688213,0.13227746521102665,inf,0.0
2668,Bananas,0.48,1.0,0.8,"Banana, raw",0.005,614.0,SFA 18:0,G,0.48,0.6,453.592,0.001058219721688213,0.0013227746521102665,0.1058219721688213,0.13227746521102665,26.45549304220533,0.03779933333333333
2669,Bananas,0.48,1.0,0.8,"Banana, raw",0.046,618.0,PUFA 18:2,G,0.48,0.6,453.592,0.001058219721688213,0.0013227746521102665,0.1058219721688213,0.13227746521102665,2.875597069804927,0.34775386666666663
2670,Bananas,0.48,1.0,0.8,"Banana, raw",0.112,606.0,"Fatty acids, total saturated",G,0.48,0.6,453.592,0.001058219721688213,0.0013227746521102665,0.1058219721688213,0.13227746521102665,1.1810487965270235,0.8467050666666667
2671,Bananas,0.48,1.0,0.8,"Banana, raw",15.8,269.0,"Sugars, Total",G,0.48,0.6,453.592,0.001058219721688213,0.0013227746521102665,0.1058219721688213,0.13227746521102665,0.00837199146905232,119.44589333333333
2672,Bananas,0.48,1.0,0.8,"Banana, raw",0.073,646.0,"Fatty acids, total polyunsaturated",G,0.48,0.6,453.592,0.001058219721688213,0.0013227746521102665,0.1058219721688213,0.13227746521102665,1.8120200713839267,0.5518702666666666
2673,Watermelon,0.75,1.0,0.85,"Watermelon, raw",0.0,262.0,Caffeine,MG,0.75,0.8823529411764706,453.592,0.001653468315137833,0.0019452568413386273,0.16534683151378332,0.19452568413386273,inf,0.0
2674,Watermelon,0.75,1.0,0.85,"Watermelon, raw",0.0,328.0,Vitamin D (D2 + D3),UG,0.75,0.8823529411764706,453.592,0.001653468315137833,0.0019452568413386273,0.16534683151378332,0.19452568413386273,inf,0.0
2675,Watermelon,0.75,1.0,0.85,"Watermelon, raw",0.1,430.0,Vitamin K (phylloquinone),UG,0.75,0.8823529411764706,453.592,0.001653468315137833,0.0019452568413386273,0.16534683151378332,0.19452568413386273,1.9452568413386273,0.5140709333333333
2676,Watermelon,0.75,1.0,0.85,"Watermelon, raw",0.0,631.0,PUFA 22:5 n-3 (DPA),G,0.75,0.8823529411764706,453.592,0.001653468315137833,0.0019452568413386273,0.16534683151378332,0.19452568413386273,inf,0.0
2677,Watermelon,0.75,1.0,0.85,"Watermelon, raw",0.0,263.0,Theobromine,MG,0.75,0.8823529411764706,453.592,0.001653468315137833,0.0019452568413386273,0.16534683151378332,0.19452568413386273,inf,0.0
2678,Watermelon,0.75,1.0,0.85,"Watermelon, raw",0.24,303.0,"Iron, Fe",MG,0.75,0.8823529411764706,453.592,0.001653468315137833,0.0019452568413386273,0.16534683151378332,0.19452568413386273,0.8105236838910947,1.23377024
2679,Watermelon,0.75,1.0,0.85,"Watermelon, raw",10.0,304.0,"Magnesium, Mg",MG,0.75,0.8823529411764706,453.592,0.001653468315137833,0.0019452568413386273,0.16534683151378332,0.19452568413386273,0.019452568413386273,51.40709333333333
2680,Watermelon,0.75,1.0,0.85,"Watermelon, raw",0.0,612.0,SFA 14:0,G,0.75,0.8823529411764706,453.592,0.001653468315137833,0.0019452568413386273,0.16534683151378332,0.19452568413386273,inf,0.0
2681,Watermelon,0.75,1.0,0.85,"Watermelon, raw",78.0,334.0,"Cryptoxanthin, beta",UG,0.75,0.8823529411764706,453.592,0.001653468315137833,0.0019452568413386273,0.16534683151378332,0.19452568413386273,0.0024939190273572144,400.975328
2682,Watermelon,0.75,1.0,0.85,"Watermelon, raw",0.042,312.0,"Copper, Cu",MG,0.75,0.8823529411764706,453.592,0.001653468315137833,0.0019452568413386273,0.16534683151378332,0.19452568413386273,4.631563907949112,0.215909792
2683,Watermelon,0.75,1.0,0.85,"Watermelon, raw",6.2,269.0,"Sugars, Total",G,0.75,0.8823529411764706,453.592,0.001653468315137833,0.0019452568413386273,0.16534683151378332,0.19452568413386273,0.031375110344171404,31.872397866666667
2684,Watermelon,0.75,1.0,0.85,"Watermelon, raw",0.037,617.0,MUFA 18:1,G,0.75,0.8823529411764706,453.592,0.001653468315137833,0.0019452568413386273,0.16534683151378332,0.19452568413386273,5.25745092253683,0.1902062453333333
2685,Watermelon,0.75,1.0,0.85,"Watermelon, raw",0.016,606.0,"Fatty acids, total saturated",G,0.75,0.8823529411764706,453.592,0.001653468315137833,0.0019452568413386273,0.16534683151378332,0.19452568413386273,12.157855258366421,0.08225134933333333
2686,Watermelon,0.75,1.0,0.85,"Watermelon, raw",0.033,404.0,Thiamin,MG,0.75,0.8823529411764706,453.592,0.001653468315137833,0.0019452568413386273,0.16534683151378332,0.19452568413386273,5.894717701026143,0.169643408
2687,Watermelon,0.75,1.0,0.85,"Watermelon, raw",4532.0,337.0,Lycopene,UG,0.75,0.8823529411764706,453.592,0.001653468315137833,0.0019452568413386273,0.16534683151378332,0.19452568413386273,4.2922701706501044e-05,23297.694698666666
2688,Watermelon,0.75,1.0,0.85,"Watermelon, raw",0.0,319.0,Retinol,UG,0.75,0.8823529411764706,453.592,0.001653468315137833,0.0019452568413386273,0.16534683151378332,0.19452568413386273,inf,0.0
2689,Watermelon,0.75,1.0,0.85,"Watermelon, raw",11.0,305.0,"Phosphorus, P",MG,0.75,0.8823529411764706,453.592,0.001653468315137833,0.0019452568413386273,0.16534683151378332,0.19452568413386273,0.01768415310307843,56.54780266666666
2690,Watermelon,0.75,1.0,0.85,"Watermelon, raw",7.55,205.0,"Carbohydrate, by difference",G,0.75,0.8823529411764706,453.592,0.001653468315137833,0.0019452568413386273,0.16534683151378332,0.19452568413386273,0.02576499127600831,38.812355466666666
2691,Watermelon,0.75,1.0,0.85,"Watermelon, raw",303.0,321.0,"Carotene, beta",UG,0.75,0.8823529411764706,453.592,0.001653468315137833,0.0019452568413386273,0.16534683151378332,0.19452568413386273,0.0006419989575375007,1557.634928
2692,Watermelon,0.75,1.0,0.85,"Watermelon, raw",28.0,320.0,"Vitamin A, RAE",UG,0.75,0.8823529411764706,453.592,0.001653468315137833,0.0019452568413386273,0.16534683151378332,0.19452568413386273,0.006947345861923669,143.9398613333333
2693,Watermelon,0.75,1.0,0.85,"Watermelon, raw",0.001,611.0,SFA 12:0,G,0.75,0.8823529411764706,453.592,0.001653468315137833,0.0019452568413386273,0.16534683151378332,0.19452568413386273,194.52568413386274,0.005140709333333333
2694,Watermelon,0.75,1.0,0.85,"Watermelon, raw",7.0,301.0,"Calcium, Ca",MG,0.75,0.8823529411764706,453.592,0.001653468315137833,0.0019452568413386273,0.16534683151378332,0.19452568413386273,0.027789383447694677,35.98496533333333
2695,Watermelon,0.75,1.0,0.85,"Watermelon, raw",0.008,613.0,SFA 16:0,G,0.75,0.8823529411764706,453.592,0.001653468315137833,0.0019452568413386273,0.16534683151378332,0.19452568413386273,24.315710516732842,0.04112567466666667
2696,Watermelon,0.75,1.0,0.85,"Watermelon, raw",0.05,618.0,PUFA 18:2,G,0.75,0.8823529411764706,453.592,0.001653468315137833,0.0019452568413386273,0.16534683151378332,0.19452568413386273,3.8905136826772546,0.25703546666666666
2697,Watermelon,0.75,1.0,0.85,"Watermelon, raw",0.021,405.0,Riboflavin,MG,0.75,0.8823529411764706,453.592,0.001653468315137833,0.0019452568413386273,0.16534683151378332,0.19452568413386273,9.263127815898224,0.107954896
2698,Watermelon,0.75,1.0,0.85,"Watermelon, raw",3.0,432.0,"Folate, food",UG,0.75,0.8823529411764706,453.592,0.001653468315137833,0.0019452568413386273,0.16534683151378332,0.19452568413386273,0.06484189471128758,15.422127999999999
2699,Watermelon,0.75,1.0,0.85,"Watermelon, raw",0.001,610.0,SFA 10:0,G,0.75,0.8823529411764706,453.592,0.001653468315137833,0.0019452568413386273,0.16534683151378332,0.19452568413386273,194.52568413386274,0.005140709333333333
2700,Watermelon,0.75,1.0,0.85,"Watermelon, raw",0.0,322.0,"Carotene, alpha",UG,0.75,0.8823529411764706,453.592,0.001653468315137833,0.0019452568413386273,0.16534683151378332,0.19452568413386273,inf,0.0
2701,Watermelon,0.75,1.0,0.85,"Watermelon, raw",112.0,306.0,"Potassium, K",MG,0.75,0.8823529411764706,453.592,0.001653468315137833,0.0019452568413386273,0.16534683151378332,0.19452568413386273,0.0017368364654809173,575.7594453333332
2702,Watermelon,0.75,1.0,0.85,"Watermelon, raw",4.1,421.0,"Choline, total",MG,0.75,0.8823529411764706,453.592,0.001653468315137833,0.0019452568413386273,0.16534683151378332,0.19452568413386273,0.047445288813137254,21.076908266666663
2703,Watermelon,0.75,1.0,0.85,"Watermelon, raw",0.0,627.0,PUFA 18:4,G,0.75,0.8823529411764706,453.592,0.001653468315137833,0.0019452568413386273,0.16534683151378332,0.19452568413386273,inf,0.0
2704,Watermelon,0.75,1.0,0.85,"Watermelon, raw",0.15,204.0,Total lipid (fat),G,0.75,0.8823529411764706,453.592,0.001653468315137833,0.0019452568413386273,0.16534683151378332,0.19452568413386273,1.2968378942257517,0.7711064
2705,Watermelon,0.75,1.0,0.85,"Watermelon, raw",0.0,221.0,"Alcohol, ethyl",G,0.75,0.8823529411764706,453.592,0.001653468315137833,0.0019452568413386273,0.16534683151378332,0.19452568413386273,inf,0.0
2706,Watermelon,0.75,1.0,0.85,"Watermelon, raw",0.0,578.0,"Vitamin B-12, added",UG,0.75,0.8823529411764706,453.592,0.001653468315137833,0.0019452568413386273,0.16534683151378332,0.19452568413386273,inf,0.0
2707,Watermelon,0.75,1.0,0.85,"Watermelon, raw",0.05,646.0,"Fatty acids, total polyunsaturated",G,0.75,0.8823529411764706,453.592,0.001653468315137833,0.0019452568413386273,0.16534683151378332,0.19452568413386273,3.8905136826772546,0.25703546666666666
2708,Watermelon,0.75,1.0,0.85,"Watermelon, raw",8.0,338.0,Lutein + zeaxanthin,UG,0.75,0.8823529411764706,453.592,0.001653468315137833,0.0019452568413386273,0.16534683151378332,0.19452568413386273,0.02431571051673284,41.12567466666666
2709,Watermelon,0.75,1.0,0.85,"Watermelon, raw",0.0,626.0,MUFA 16:1,G,0.75,0.8823529411764706,453.592,0.001653468315137833,0.0019452568413386273,0.16534683151378332,0.19452568413386273,inf,0.0
2710,Watermelon,0.75,1.0,0.85,"Watermelon, raw",3.0,435.0,"Folate, DFE",UG,0.75,0.8823529411764706,453.592,0.001653468315137833,0.0019452568413386273,0.16534683151378332,0.19452568413386273,0.06484189471128758,15.422127999999999
2711,Watermelon,0.75,1.0,0.85,"Watermelon, raw",0.0,630.0,MUFA 22:1,G,0.75,0.8823529411764706,453.592,0.001653468315137833,0.0019452568413386273,0.16534683151378332,0.19452568413386273,inf,0.0
2712,Watermelon,0.75,1.0,0.85,"Watermelon, raw",91.45,255.0,Water,G,0.75,0.8823529411764706,453.592,0.001653468315137833,0.0019452568413386273,0.16534683151378332,0.19452568413386273,0.00212712612502857,470.1178685333333
2713,Watermelon,0.75,1.0,0.85,"Watermelon, raw",30.0,208.0,Energy,KCAL,0.75,0.8823529411764706,453.592,0.001653468315137833,0.0019452568413386273,0.16534683151378332,0.19452568413386273,0.006484189471128758,154.22127999999998
2714,Watermelon,0.75,1.0,0.85,"Watermelon, raw",0.0,418.0,Vitamin B-12,UG,0.75,0.8823529411764706,453.592,0.001653468315137833,0.0019452568413386273,0.16534683151378332,0.19452568413386273,inf,0.0
2715,Watermelon,0.75,1.0,0.85,"Watermelon, raw",0.0,629.0,PUFA 20:5 n-3 (EPA),G,0.75,0.8823529411764706,453.592,0.001653468315137833,0.0019452568413386273,0.16534683151378332,0.19452568413386273,inf,0.0
2716,Watermelon,0.75,1.0,0.85,"Watermelon, raw",0.0,620.0,PUFA 20:4,G,0.75,0.8823529411764706,453.592,0.001653468315137833,0.0019452568413386273,0.16534683151378332,0.19452568413386273,inf,0.0
2717,Watermelon,0.75,1.0,0.85,"Watermelon, raw",0.0,607.0,SFA 4:0,G,0.75,0.8823529411764706,453.592,0.001653468315137833,0.0019452568413386273,0.16534683151378332,0.19452568413386273,inf,0.0
2718,Watermelon,0.75,1.0,0.85,"Watermelon, raw",3.0,417.0,"Folate, total",UG,0.75,0.8823529411764706,453.592,0.001653468315137833,0.0019452568413386273,0.16534683151378332,0.19452568413386273,0.06484189471128758,15.422127999999999
2719,Watermelon,0.75,1.0,0.85,"Watermelon, raw",0.4,291.0,"Fiber, total dietary",G,0.75,0.8823529411764706,453.592,0.001653468315137833,0.0019452568413386273,0.16534683151378332,0.19452568413386273,0.4863142103346568,2.0562837333333333
2720,Watermelon,0.75,1.0,0.85,"Watermelon, raw",0.037,645.0,"Fatty acids, total monounsaturated",G,0.75,0.8823529411764706,453.592,0.001653468315137833,0.0019452568413386273,0.16534683151378332,0.19452568413386273,5.25745092253683,0.1902062453333333
2721,Watermelon,0.75,1.0,0.85,"Watermelon, raw",0.4,317.0,"Selenium, Se",UG,0.75,0.8823529411764706,453.592,0.001653468315137833,0.0019452568413386273,0.16534683151378332,0.19452568413386273,0.4863142103346568,2.0562837333333333
2722,Watermelon,0.75,1.0,0.85,"Watermelon, raw",0.006,614.0,SFA 18:0,G,0.75,0.8823529411764706,453.592,0.001653468315137833,0.0019452568413386273,0.16534683151378332,0.19452568413386273,32.42094735564379,0.030844256
2723,Watermelon,0.75,1.0,0.85,"Watermelon, raw",0.0,619.0,PUFA 18:3,G,0.75,0.8823529411764706,453.592,0.001653468315137833,0.0019452568413386273,0.16534683151378332,0.19452568413386273,inf,0.0
2724,Watermelon,0.75,1.0,0.85,"Watermelon, raw",0.0,431.0,Folic acid,UG,0.75,0.8823529411764706,453.592,0.001653468315137833,0.0019452568413386273,0.16534683151378332,0.19452568413386273,inf,0.0
2725,Watermelon,0.75,1.0,0.85,"Watermelon, raw",0.0,608.0,SFA 6:0,G,0.75,0.8823529411764706,453.592,0.001653468315137833,0.0019452568413386273,0.16534683151378332,0.19452568413386273,inf,0.0
2726,Watermelon,0.75,1.0,0.85,"Watermelon, raw",0.61,203.0,Protein,G,0.75,0.8823529411764706,453.592,0.001653468315137833,0.0019452568413386273,0.16534683151378332,0.19452568413386273,0.31889456415387335,3.135832693333333
2727,Watermelon,0.75,1.0,0.85,"Watermelon, raw",0.0,628.0,MUFA 20:1,G,0.75,0.8823529411764706,453.592,0.001653468315137833,0.0019452568413386273,0.16534683151378332,0.19452568413386273,inf,0.0
2728,Watermelon,0.75,1.0,0.85,"Watermelon, raw",0.05,323.0,Vitamin E (alpha-tocopherol),MG,0.75,0.8823529411764706,453.592,0.001653468315137833,0.0019452568413386273,0.16534683151378332,0.19452568413386273,3.8905136826772546,0.25703546666666666
2729,Watermelon,0.75,1.0,0.85,"Watermelon, raw",0.0,621.0,PUFA 22:6 n-3 (DHA),G,0.75,0.8823529411764706,453.592,0.001653468315137833,0.0019452568413386273,0.16534683151378332,0.19452568413386273,inf,0.0
2730,Watermelon,0.75,1.0,0.85,"Watermelon, raw",8.1,401.0,"Vitamin C, total ascorbic acid",MG,0.75,0.8823529411764706,453.592,0.001653468315137833,0.0019452568413386273,0.16534683151378332,0.19452568413386273,0.02401551655973614,41.6397456
2731,Watermelon,0.75,1.0,0.85,"Watermelon, raw",0.0,609.0,SFA 8:0,G,0.75,0.8823529411764706,453.592,0.001653468315137833,0.0019452568413386273,0.16534683151378332,0.19452568413386273,inf,0.0
2732,Watermelon,0.75,1.0,0.85,"Watermelon, raw",0.178,406.0,Niacin,MG,0.75,0.8823529411764706,453.592,0.001653468315137833,0.0019452568413386273,0.16534683151378332,0.19452568413386273,1.0928409221003526,0.9150462613333332
2733,Watermelon,0.75,1.0,0.85,"Watermelon, raw",0.045,415.0,Vitamin B-6,MG,0.75,0.8823529411764706,453.592,0.001653468315137833,0.0019452568413386273,0.16534683151378332,0.19452568413386273,4.322792980752506,0.23133191999999997
2734,Watermelon,0.75,1.0,0.85,"Watermelon, raw",0.1,309.0,"Zinc, Zn",MG,0.75,0.8823529411764706,453.592,0.001653468315137833,0.0019452568413386273,0.16534683151378332,0.19452568413386273,1.9452568413386273,0.5140709333333333
2735,Watermelon,0.75,1.0,0.85,"Watermelon, raw",0.0,573.0,"Vitamin E, added",MG,0.75,0.8823529411764706,453.592,0.001653468315137833,0.0019452568413386273,0.16534683151378332,0.19452568413386273,inf,0.0
2736,Watermelon,0.75,1.0,0.85,"Watermelon, raw",1.0,307.0,"Sodium, Na",MG,0.75,0.8823529411764706,453.592,0.001653468315137833,0.0019452568413386273,0.16534683151378332,0.19452568413386273,0.19452568413386273,5.140709333333333
2737,Watermelon,0.75,1.0,0.85,"Watermelon, raw",0.0,601.0,Cholesterol,MG,0.75,0.8823529411764706,453.592,0.001653468315137833,0.0019452568413386273,0.16534683151378332,0.19452568413386273,inf,0.0
2738,Honeydew Melon,1.8,1.0,0.9,"Honeydew melon, raw",0.003,645.0,"Fatty acids, total monounsaturated",G,1.8,2.0,453.592,0.0039683239563307994,0.004409248840367555,0.3968323956330799,0.4409248840367555,146.97496134558517,0.00680388
2739,Honeydew Melon,1.8,1.0,0.9,"Honeydew melon, raw",0.0,630.0,MUFA 22:1,G,1.8,2.0,453.592,0.0039683239563307994,0.004409248840367555,0.3968323956330799,0.4409248840367555,inf,0.0
2740,Honeydew Melon,1.8,1.0,0.9,"Honeydew melon, raw",0.0,629.0,PUFA 20:5 n-3 (EPA),G,1.8,2.0,453.592,0.0039683239563307994,0.004409248840367555,0.3968323956330799,0.4409248840367555,inf,0.0
2741,Honeydew Melon,1.8,1.0,0.9,"Honeydew melon, raw",0.059,646.0,"Fatty acids, total polyunsaturated",G,1.8,2.0,453.592,0.0039683239563307994,0.004409248840367555,0.3968323956330799,0.4409248840367555,7.473303119267043,0.13380963999999998
2742,Honeydew Melon,1.8,1.0,0.9,"Honeydew melon, raw",0.0,631.0,PUFA 22:5 n-3 (DPA),G,1.8,2.0,453.592,0.0039683239563307994,0.004409248840367555,0.3968323956330799,0.4409248840367555,inf,0.0
2743,Honeydew Melon,1.8,1.0,0.9,"Honeydew melon, raw",0.024,312.0,"Copper, Cu",MG,1.8,2.0,453.592,0.0039683239563307994,0.004409248840367555,0.3968323956330799,0.4409248840367555,18.371870168198146,0.05443104
2744,Honeydew Melon,1.8,1.0,0.9,"Honeydew melon, raw",19.0,432.0,"Folate, food",UG,1.8,2.0,453.592,0.0039683239563307994,0.004409248840367555,0.3968323956330799,0.4409248840367555,0.023206572844039763,43.09124
2745,Honeydew Melon,1.8,1.0,0.9,"Honeydew melon, raw",0.002,611.0,SFA 12:0,G,1.8,2.0,453.592,0.0039683239563307994,0.004409248840367555,0.3968323956330799,0.4409248840367555,220.46244201837774,0.00453592
2746,Honeydew Melon,1.8,1.0,0.9,"Honeydew melon, raw",6.0,301.0,"Calcium, Ca",MG,1.8,2.0,453.592,0.0039683239563307994,0.004409248840367555,0.3968323956330799,0.4409248840367555,0.07348748067279258,13.607759999999999
2747,Honeydew Melon,1.8,1.0,0.9,"Honeydew melon, raw",0.032,613.0,SFA 16:0,G,1.8,2.0,453.592,0.0039683239563307994,0.004409248840367555,0.3968323956330799,0.4409248840367555,13.778902626148609,0.07257472
2748,Honeydew Melon,1.8,1.0,0.9,"Honeydew melon, raw",2.9,430.0,Vitamin K (phylloquinone),UG,1.8,2.0,453.592,0.0039683239563307994,0.004409248840367555,0.3968323956330799,0.4409248840367555,0.15204306346095017,6.577083999999999
2749,Honeydew Melon,1.8,1.0,0.9,"Honeydew melon, raw",11.0,305.0,"Phosphorus, P",MG,1.8,2.0,453.592,0.0039683239563307994,0.004409248840367555,0.3968323956330799,0.4409248840367555,0.040084080366977776,24.94756
2750,Honeydew Melon,1.8,1.0,0.9,"Honeydew melon, raw",0.418,406.0,Niacin,MG,1.8,2.0,453.592,0.0039683239563307994,0.004409248840367555,0.3968323956330799,0.4409248840367555,1.0548442201836257,0.9480072799999999
2751,Honeydew Melon,1.8,1.0,0.9,"Honeydew melon, raw",0.17,303.0,"Iron, Fe",MG,1.8,2.0,453.592,0.0039683239563307994,0.004409248840367555,0.3968323956330799,0.4409248840367555,2.593675788451503,0.38555320000000004
2752,Honeydew Melon,1.8,1.0,0.9,"Honeydew melon, raw",9.09,205.0,"Carbohydrate, by difference",G,1.8,2.0,453.592,0.0039683239563307994,0.004409248840367555,0.3968323956330799,0.4409248840367555,0.04850658790283339,20.6157564
2753,Honeydew Melon,1.8,1.0,0.9,"Honeydew melon, raw",0.0,628.0,MUFA 20:1,G,1.8,2.0,453.592,0.0039683239563307994,0.004409248840367555,0.3968323956330799,0.4409248840367555,inf,0.0
2754,Honeydew Melon,1.8,1.0,0.9,"Honeydew melon, raw",0.038,606.0,"Fatty acids, total saturated",G,1.8,2.0,453.592,0.0039683239563307994,0.004409248840367555,0.3968323956330799,0.4409248840367555,11.603286422019883,0.08618247999999999
2755,Honeydew Melon,1.8,1.0,0.9,"Honeydew melon, raw",0.0,578.0,"Vitamin B-12, added",UG,1.8,2.0,453.592,0.0039683239563307994,0.004409248840367555,0.3968323956330799,0.4409248840367555,inf,0.0
2756,Honeydew Melon,1.8,1.0,0.9,"Honeydew melon, raw",7.6,421.0,"Choline, total",MG,1.8,2.0,453.592,0.0039683239563307994,0.004409248840367555,0.3968323956330799,0.4409248840367555,0.05801643211009941,17.236496
2757,Honeydew Melon,1.8,1.0,0.9,"Honeydew melon, raw",0.0,609.0,SFA 8:0,G,1.8,2.0,453.592,0.0039683239563307994,0.004409248840367555,0.3968323956330799,0.4409248840367555,inf,0.0
2758,Honeydew Melon,1.8,1.0,0.9,"Honeydew melon, raw",0.0,322.0,"Carotene, alpha",UG,1.8,2.0,453.592,0.0039683239563307994,0.004409248840367555,0.3968323956330799,0.4409248840367555,inf,0.0
2759,Honeydew Melon,1.8,1.0,0.9,"Honeydew melon, raw",0.0,337.0,Lycopene,UG,1.8,2.0,453.592,0.0039683239563307994,0.004409248840367555,0.3968323956330799,0.4409248840367555,inf,0.0
2760,Honeydew Melon,1.8,1.0,0.9,"Honeydew melon, raw",18.0,401.0,"Vitamin C, total ascorbic acid",MG,1.8,2.0,453.592,0.0039683239563307994,0.004409248840367555,0.3968323956330799,0.4409248840367555,0.024495826890930862,40.82328
2761,Honeydew Melon,1.8,1.0,0.9,"Honeydew melon, raw",0.0,608.0,SFA 6:0,G,1.8,2.0,453.592,0.0039683239563307994,0.004409248840367555,0.3968323956330799,0.4409248840367555,inf,0.0
2762,Honeydew Melon,1.8,1.0,0.9,"Honeydew melon, raw",0.0,431.0,Folic acid,UG,1.8,2.0,453.592,0.0039683239563307994,0.004409248840367555,0.3968323956330799,0.4409248840367555,inf,0.0
2763,Honeydew Melon,1.8,1.0,0.9,"Honeydew melon, raw",0.0,627.0,PUFA 18:4,G,1.8,2.0,453.592,0.0039683239563307994,0.004409248840367555,0.3968323956330799,0.4409248840367555,inf,0.0
2764,Honeydew Melon,1.8,1.0,0.9,"Honeydew melon, raw",0.088,415.0,Vitamin B-6,MG,1.8,2.0,453.592,0.0039683239563307994,0.004409248840367555,0.3968323956330799,0.4409248840367555,5.010510045872222,0.19958047999999998
2765,Honeydew Melon,1.8,1.0,0.9,"Honeydew melon, raw",0.8,291.0,"Fiber, total dietary",G,1.8,2.0,453.592,0.0039683239563307994,0.004409248840367555,0.3968323956330799,0.4409248840367555,0.5511561050459444,1.814368
2766,Honeydew Melon,1.8,1.0,0.9,"Honeydew melon, raw",228.0,306.0,"Potassium, K",MG,1.8,2.0,453.592,0.0039683239563307994,0.004409248840367555,0.3968323956330799,0.4409248840367555,0.001933881070336647,517.09488
2767,Honeydew Melon,1.8,1.0,0.9,"Honeydew melon, raw",0.002,612.0,SFA 14:0,G,1.8,2.0,453.592,0.0039683239563307994,0.004409248840367555,0.3968323956330799,0.4409248840367555,220.46244201837774,0.00453592
2768,Honeydew Melon,1.8,1.0,0.9,"Honeydew melon, raw",0.0,263.0,Theobromine,MG,1.8,2.0,453.592,0.0039683239563307994,0.004409248840367555,0.3968323956330799,0.4409248840367555,inf,0.0
2769,Honeydew Melon,1.8,1.0,0.9,"Honeydew melon, raw",0.033,619.0,PUFA 18:3,G,1.8,2.0,453.592,0.0039683239563307994,0.004409248840367555,0.3968323956330799,0.4409248840367555,13.361360122325923,0.07484268000000001
2770,Honeydew Melon,1.8,1.0,0.9,"Honeydew melon, raw",0.7,317.0,"Selenium, Se",UG,1.8,2.0,453.592,0.0039683239563307994,0.004409248840367555,0.3968323956330799,0.4409248840367555,0.6298926914810793,1.587572
2771,Honeydew Melon,1.8,1.0,0.9,"Honeydew melon, raw",0.0,626.0,MUFA 16:1,G,1.8,2.0,453.592,0.0039683239563307994,0.004409248840367555,0.3968323956330799,0.4409248840367555,inf,0.0
2772,Honeydew Melon,1.8,1.0,0.9,"Honeydew melon, raw",0.0,334.0,"Cryptoxanthin, beta",UG,1.8,2.0,453.592,0.0039683239563307994,0.004409248840367555,0.3968323956330799,0.4409248840367555,inf,0.0
2773,Honeydew Melon,1.8,1.0,0.9,"Honeydew melon, raw",0.003,617.0,MUFA 18:1,G,1.8,2.0,453.592,0.0039683239563307994,0.004409248840367555,0.3968323956330799,0.4409248840367555,146.97496134558517,0.00680388
2774,Honeydew Melon,1.8,1.0,0.9,"Honeydew melon, raw",36.0,208.0,Energy,KCAL,1.8,2.0,453.592,0.0039683239563307994,0.004409248840367555,0.3968323956330799,0.4409248840367555,0.012247913445465431,81.64656
2775,Honeydew Melon,1.8,1.0,0.9,"Honeydew melon, raw",3.0,320.0,"Vitamin A, RAE",UG,1.8,2.0,453.592,0.0039683239563307994,0.004409248840367555,0.3968323956330799,0.4409248840367555,0.14697496134558516,6.8038799999999995
2776,Honeydew Melon,1.8,1.0,0.9,"Honeydew melon, raw",0.0,262.0,Caffeine,MG,1.8,2.0,453.592,0.0039683239563307994,0.004409248840367555,0.3968323956330799,0.4409248840367555,inf,0.0
2777,Honeydew Melon,1.8,1.0,0.9,"Honeydew melon, raw",0.0,607.0,SFA 4:0,G,1.8,2.0,453.592,0.0039683239563307994,0.004409248840367555,0.3968323956330799,0.4409248840367555,inf,0.0
2778,Honeydew Melon,1.8,1.0,0.9,"Honeydew melon, raw",10.0,304.0,"Magnesium, Mg",MG,1.8,2.0,453.592,0.0039683239563307994,0.004409248840367555,0.3968323956330799,0.4409248840367555,0.04409248840367555,22.6796
2779,Honeydew Melon,1.8,1.0,0.9,"Honeydew melon, raw",0.012,405.0,Riboflavin,MG,1.8,2.0,453.592,0.0039683239563307994,0.004409248840367555,0.3968323956330799,0.4409248840367555,36.74374033639629,0.02721552
2780,Honeydew Melon,1.8,1.0,0.9,"Honeydew melon, raw",19.0,435.0,"Folate, DFE",UG,1.8,2.0,453.592,0.0039683239563307994,0.004409248840367555,0.3968323956330799,0.4409248840367555,0.023206572844039763,43.09124
2781,Honeydew Melon,1.8,1.0,0.9,"Honeydew melon, raw",0.0,573.0,"Vitamin E, added",MG,1.8,2.0,453.592,0.0039683239563307994,0.004409248840367555,0.3968323956330799,0.4409248840367555,inf,0.0
2782,Honeydew Melon,1.8,1.0,0.9,"Honeydew melon, raw",27.0,338.0,Lutein + zeaxanthin,UG,1.8,2.0,453.592,0.0039683239563307994,0.004409248840367555,0.3968323956330799,0.4409248840367555,0.016330551260620576,61.23492
2783,Honeydew Melon,1.8,1.0,0.9,"Honeydew melon, raw",0.0,319.0,Retinol,UG,1.8,2.0,453.592,0.0039683239563307994,0.004409248840367555,0.3968323956330799,0.4409248840367555,inf,0.0
2784,Honeydew Melon,1.8,1.0,0.9,"Honeydew melon, raw",0.14,204.0,Total lipid (fat),G,1.8,2.0,453.592,0.0039683239563307994,0.004409248840367555,0.3968323956330799,0.4409248840367555,3.149463457405396,0.31751440000000003
2785,Honeydew Melon,1.8,1.0,0.9,"Honeydew melon, raw",0.0,620.0,PUFA 20:4,G,1.8,2.0,453.592,0.0039683239563307994,0.004409248840367555,0.3968323956330799,0.4409248840367555,inf,0.0
2786,Honeydew Melon,1.8,1.0,0.9,"Honeydew melon, raw",0.54,203.0,Protein,G,1.8,2.0,453.592,0.0039683239563307994,0.004409248840367555,0.3968323956330799,0.4409248840367555,0.8165275630310287,1.2246984
2787,Honeydew Melon,1.8,1.0,0.9,"Honeydew melon, raw",0.026,618.0,PUFA 18:2,G,1.8,2.0,453.592,0.0039683239563307994,0.004409248840367555,0.3968323956330799,0.4409248840367555,16.95864938602906,0.05896696
2788,Honeydew Melon,1.8,1.0,0.9,"Honeydew melon, raw",89.82,255.0,Water,G,1.8,2.0,453.592,0.0039683239563307994,0.004409248840367555,0.3968323956330799,0.4409248840367555,0.004908983344875924,203.7081672
2789,Honeydew Melon,1.8,1.0,0.9,"Honeydew melon, raw",0.0,418.0,Vitamin B-12,UG,1.8,2.0,453.592,0.0039683239563307994,0.004409248840367555,0.3968323956330799,0.4409248840367555,inf,0.0
2790,Honeydew Melon,1.8,1.0,0.9,"Honeydew melon, raw",0.0,610.0,SFA 10:0,G,1.8,2.0,453.592,0.0039683239563307994,0.004409248840367555,0.3968323956330799,0.4409248840367555,inf,0.0
2791,Honeydew Melon,1.8,1.0,0.9,"Honeydew melon, raw",0.0,328.0,Vitamin D (D2 + D3),UG,1.8,2.0,453.592,0.0039683239563307994,0.004409248840367555,0.3968323956330799,0.4409248840367555,inf,0.0
2792,Honeydew Melon,1.8,1.0,0.9,"Honeydew melon, raw",0.09,309.0,"Zinc, Zn",MG,1.8,2.0,453.592,0.0039683239563307994,0.004409248840367555,0.3968323956330799,0.4409248840367555,4.899165378186172,0.2041164
2793,Honeydew Melon,1.8,1.0,0.9,"Honeydew melon, raw",30.0,321.0,"Carotene, beta",UG,1.8,2.0,453.592,0.0039683239563307994,0.004409248840367555,0.3968323956330799,0.4409248840367555,0.014697496134558516,68.0388
2794,Honeydew Melon,1.8,1.0,0.9,"Honeydew melon, raw",0.02,323.0,Vitamin E (alpha-tocopherol),MG,1.8,2.0,453.592,0.0039683239563307994,0.004409248840367555,0.3968323956330799,0.4409248840367555,22.046244201837776,0.0453592
2795,Honeydew Melon,1.8,1.0,0.9,"Honeydew melon, raw",0.0,601.0,Cholesterol,MG,1.8,2.0,453.592,0.0039683239563307994,0.004409248840367555,0.3968323956330799,0.4409248840367555,inf,0.0
2796,Honeydew Melon,1.8,1.0,0.9,"Honeydew melon, raw",0.038,404.0,Thiamin,MG,1.8,2.0,453.592,0.0039683239563307994,0.004409248840367555,0.3968323956330799,0.4409248840367555,11.603286422019883,0.08618247999999999
2797,Honeydew Melon,1.8,1.0,0.9,"Honeydew melon, raw",0.0,221.0,"Alcohol, ethyl",G,1.8,2.0,453.592,0.0039683239563307994,0.004409248840367555,0.3968323956330799,0.4409248840367555,inf,0.0
2798,Honeydew Melon,1.8,1.0,0.9,"Honeydew melon, raw",0.0,621.0,PUFA 22:6 n-3 (DHA),G,1.8,2.0,453.592,0.0039683239563307994,0.004409248840367555,0.3968323956330799,0.4409248840367555,inf,0.0
2799,Honeydew Melon,1.8,1.0,0.9,"Honeydew melon, raw",8.12,269.0,"Sugars, Total",G,1.8,2.0,453.592,0.0039683239563307994,0.004409248840367555,0.3968323956330799,0.4409248840367555,0.05430109409319649,18.415835199999997
2800,Honeydew Melon,1.8,1.0,0.9,"Honeydew melon, raw",0.003,614.0,SFA 18:0,G,1.8,2.0,453.592,0.0039683239563307994,0.004409248840367555,0.3968323956330799,0.4409248840367555,146.97496134558517,0.00680388
2801,Honeydew Melon,1.8,1.0,0.9,"Honeydew melon, raw",18.0,307.0,"Sodium, Na",MG,1.8,2.0,453.592,0.0039683239563307994,0.004409248840367555,0.3968323956330799,0.4409248840367555,0.024495826890930862,40.82328
2802,Honeydew Melon,1.8,1.0,0.9,"Honeydew melon, raw",19.0,417.0,"Folate, total",UG,1.8,2.0,453.592,0.0039683239563307994,0.004409248840367555,0.3968323956330799,0.4409248840367555,0.023206572844039763,43.09124
2803,Cantaloupe,1.4,1.0,0.9,"Cantaloupe, raw",0.0,627.0,PUFA 18:4,G,1.4,1.5555555555555554,453.592,0.0030864741882572883,0.00342941576473032,0.3086474188257288,0.34294157647303203,inf,0.0
2804,Cantaloupe,1.4,1.0,0.9,"Cantaloupe, raw",0.0,328.0,Vitamin D (D2 + D3),UG,1.4,1.5555555555555554,453.592,0.0030864741882572883,0.00342941576473032,0.3086474188257288,0.34294157647303203,inf,0.0
2805,Cantaloupe,1.4,1.0,0.9,"Cantaloupe, raw",0.081,646.0,"Fatty acids, total polyunsaturated",G,1.4,1.5555555555555554,453.592,0.0030864741882572883,0.00342941576473032,0.3086474188257288,0.34294157647303203,4.233846623123852,0.2361918342857143
2806,Cantaloupe,1.4,1.0,0.9,"Cantaloupe, raw",0.0,631.0,PUFA 22:5 n-3 (DPA),G,1.4,1.5555555555555554,453.592,0.0030864741882572883,0.00342941576473032,0.3086474188257288,0.34294157647303203,inf,0.0
2807,Cantaloupe,1.4,1.0,0.9,"Cantaloupe, raw",0.0,626.0,MUFA 16:1,G,1.4,1.5555555555555554,453.592,0.0030864741882572883,0.00342941576473032,0.3086474188257288,0.34294157647303203,inf,0.0
2808,Cantaloupe,1.4,1.0,0.9,"Cantaloupe, raw",0.0,334.0,"Cryptoxanthin, beta",UG,1.4,1.5555555555555554,453.592,0.0030864741882572883,0.00342941576473032,0.3086474188257288,0.34294157647303203,inf,0.0
2809,Cantaloupe,1.4,1.0,0.9,"Cantaloupe, raw",0.001,611.0,SFA 12:0,G,1.4,1.5555555555555554,453.592,0.0030864741882572883,0.00342941576473032,0.3086474188257288,0.34294157647303203,342.941576473032,0.002915948571428572
2810,Cantaloupe,1.4,1.0,0.9,"Cantaloupe, raw",0.04,415.0,Vitamin B-6,MG,1.4,1.5555555555555554,453.592,0.0030864741882572883,0.00342941576473032,0.3086474188257288,0.34294157647303203,8.5735394118258,0.11663794285714287
2811,Cantaloupe,1.4,1.0,0.9,"Cantaloupe, raw",0.0,578.0,"Vitamin B-12, added",UG,1.4,1.5555555555555554,453.592,0.0030864741882572883,0.00342941576473032,0.3086474188257288,0.34294157647303203,inf,0.0
2812,Cantaloupe,1.4,1.0,0.9,"Cantaloupe, raw",0.035,618.0,PUFA 18:2,G,1.4,1.5555555555555554,453.592,0.0030864741882572883,0.00342941576473032,0.3086474188257288,0.34294157647303203,9.798330756372343,0.10205820000000002
2813,Cantaloupe,1.4,1.0,0.9,"Cantaloupe, raw",0.0,607.0,SFA 4:0,G,1.4,1.5555555555555554,453.592,0.0030864741882572883,0.00342941576473032,0.3086474188257288,0.34294157647303203,inf,0.0
2814,Cantaloupe,1.4,1.0,0.9,"Cantaloupe, raw",157.0,306.0,"Potassium, K",MG,1.4,1.5555555555555554,453.592,0.0030864741882572883,0.00342941576473032,0.3086474188257288,0.34294157647303203,0.002184341251420586,457.80392571428575
2815,Cantaloupe,1.4,1.0,0.9,"Cantaloupe, raw",30.0,307.0,"Sodium, Na",MG,1.4,1.5555555555555554,453.592,0.0030864741882572883,0.00342941576473032,0.3086474188257288,0.34294157647303203,0.0114313858824344,87.47845714285715
2816,Cantaloupe,1.4,1.0,0.9,"Cantaloupe, raw",0.0,630.0,MUFA 22:1,G,1.4,1.5555555555555554,453.592,0.0030864741882572883,0.00342941576473032,0.3086474188257288,0.34294157647303203,inf,0.0
2817,Cantaloupe,1.4,1.0,0.9,"Cantaloupe, raw",0.0,609.0,SFA 8:0,G,1.4,1.5555555555555554,453.592,0.0030864741882572883,0.00342941576473032,0.3086474188257288,0.34294157647303203,inf,0.0
2818,Cantaloupe,1.4,1.0,0.9,"Cantaloupe, raw",232.0,320.0,"Vitamin A, RAE",UG,1.4,1.5555555555555554,453.592,0.0030864741882572883,0.00342941576473032,0.3086474188257288,0.34294157647303203,0.0014781964503147932,676.5000685714286
2819,Cantaloupe,1.4,1.0,0.9,"Cantaloupe, raw",8.16,205.0,"Carbohydrate, by difference",G,1.4,1.5555555555555554,453.592,0.0030864741882572883,0.00342941576473032,0.3086474188257288,0.34294157647303203,0.04202715397953824,23.794140342857144
2820,Cantaloupe,1.4,1.0,0.9,"Cantaloupe, raw",10.9,401.0,"Vitamin C, total ascorbic acid",MG,1.4,1.5555555555555554,453.592,0.0030864741882572883,0.00342941576473032,0.3086474188257288,0.34294157647303203,0.031462529951654314,31.783839428571433
2821,Cantaloupe,1.4,1.0,0.9,"Cantaloupe, raw",0.0,621.0,PUFA 22:6 n-3 (DHA),G,1.4,1.5555555555555554,453.592,0.0030864741882572883,0.00342941576473032,0.3086474188257288,0.34294157647303203,inf,0.0
2822,Cantaloupe,1.4,1.0,0.9,"Cantaloupe, raw",0.003,645.0,"Fatty acids, total monounsaturated",G,1.4,1.5555555555555554,453.592,0.0030864741882572883,0.00342941576473032,0.3086474188257288,0.34294157647303203,114.31385882434401,0.008747845714285715
2823,Cantaloupe,1.4,1.0,0.9,"Cantaloupe, raw",0.085,312.0,"Copper, Cu",MG,1.4,1.5555555555555554,453.592,0.0030864741882572883,0.00342941576473032,0.3086474188257288,0.34294157647303203,4.034606782035671,0.24785562857142862
2824,Cantaloupe,1.4,1.0,0.9,"Cantaloupe, raw",2.7,430.0,Vitamin K (phylloquinone),UG,1.4,1.5555555555555554,453.592,0.0030864741882572883,0.00342941576473032,0.3086474188257288,0.34294157647303203,0.12701539869371556,7.873061142857144
2825,Cantaloupe,1.4,1.0,0.9,"Cantaloupe, raw",2780.0,321.0,"Carotene, beta",UG,1.4,1.5555555555555554,453.592,0.0030864741882572883,0.00342941576473032,0.3086474188257288,0.34294157647303203,0.00012336027930684606,8106.337028571429
2826,Cantaloupe,1.4,1.0,0.9,"Cantaloupe, raw",0.0,418.0,Vitamin B-12,UG,1.4,1.5555555555555554,453.592,0.0030864741882572883,0.00342941576473032,0.3086474188257288,0.34294157647303203,inf,0.0
2827,Cantaloupe,1.4,1.0,0.9,"Cantaloupe, raw",0.8,291.0,"Fiber, total dietary",G,1.4,1.5555555555555554,453.592,0.0030864741882572883,0.00342941576473032,0.3086474188257288,0.34294157647303203,0.42867697059129,2.3327588571428572
2828,Cantaloupe,1.4,1.0,0.9,"Cantaloupe, raw",0.05,323.0,Vitamin E (alpha-tocopherol),MG,1.4,1.5555555555555554,453.592,0.0030864741882572883,0.00342941576473032,0.3086474188257288,0.34294157647303203,6.85883152946064,0.14579742857142858
2829,Cantaloupe,1.4,1.0,0.9,"Cantaloupe, raw",0.003,617.0,MUFA 18:1,G,1.4,1.5555555555555554,453.592,0.0030864741882572883,0.00342941576473032,0.3086474188257288,0.34294157647303203,114.31385882434401,0.008747845714285715
2830,Cantaloupe,1.4,1.0,0.9,"Cantaloupe, raw",0.0,573.0,"Vitamin E, added",MG,1.4,1.5555555555555554,453.592,0.0030864741882572883,0.00342941576473032,0.3086474188257288,0.34294157647303203,inf,0.0
2831,Cantaloupe,1.4,1.0,0.9,"Cantaloupe, raw",0.0,629.0,PUFA 20:5 n-3 (EPA),G,1.4,1.5555555555555554,453.592,0.0030864741882572883,0.00342941576473032,0.3086474188257288,0.34294157647303203,inf,0.0
2832,Cantaloupe,1.4,1.0,0.9,"Cantaloupe, raw",90.2,255.0,Water,G,1.4,1.5555555555555554,453.592,0.0030864741882572883,0.00342941576473032,0.3086474188257288,0.34294157647303203,0.003802013042938271,263.01856114285715
2833,Cantaloupe,1.4,1.0,0.9,"Cantaloupe, raw",17.0,305.0,"Phosphorus, P",MG,1.4,1.5555555555555554,453.592,0.0030864741882572883,0.00342941576473032,0.3086474188257288,0.34294157647303203,0.020173033910178356,49.57112571428572
2834,Cantaloupe,1.4,1.0,0.9,"Cantaloupe, raw",13.0,304.0,"Magnesium, Mg",MG,1.4,1.5555555555555554,453.592,0.0030864741882572883,0.00342941576473032,0.3086474188257288,0.34294157647303203,0.02638012126715631,37.90733142857143
2835,Cantaloupe,1.4,1.0,0.9,"Cantaloupe, raw",14.0,432.0,"Folate, food",UG,1.4,1.5555555555555554,453.592,0.0030864741882572883,0.00342941576473032,0.3086474188257288,0.34294157647303203,0.02449582689093086,40.823280000000004
2836,Cantaloupe,1.4,1.0,0.9,"Cantaloupe, raw",0.051,606.0,"Fatty acids, total saturated",G,1.4,1.5555555555555554,453.592,0.0030864741882572883,0.00342941576473032,0.3086474188257288,0.34294157647303203,6.724344636726118,0.14871337714285715
2837,Cantaloupe,1.4,1.0,0.9,"Cantaloupe, raw",0.0,319.0,Retinol,UG,1.4,1.5555555555555554,453.592,0.0030864741882572883,0.00342941576473032,0.3086474188257288,0.34294157647303203,inf,0.0
2838,Cantaloupe,1.4,1.0,0.9,"Cantaloupe, raw",0.82,203.0,Protein,G,1.4,1.5555555555555554,453.592,0.0030864741882572883,0.00342941576473032,0.3086474188257288,0.34294157647303203,0.41822143472320983,2.3910778285714285
2839,Cantaloupe,1.4,1.0,0.9,"Cantaloupe, raw",0.046,619.0,PUFA 18:3,G,1.4,1.5555555555555554,453.592,0.0030864741882572883,0.00342941576473032,0.3086474188257288,0.34294157647303203,7.4552516624572185,0.1341336342857143
2840,Cantaloupe,1.4,1.0,0.9,"Cantaloupe, raw",9.0,301.0,"Calcium, Ca",MG,1.4,1.5555555555555554,453.592,0.0030864741882572883,0.00342941576473032,0.3086474188257288,0.34294157647303203,0.03810461960811467,26.243537142857146
2841,Cantaloupe,1.4,1.0,0.9,"Cantaloupe, raw",0.005,614.0,SFA 18:0,G,1.4,1.5555555555555554,453.592,0.0030864741882572883,0.00342941576473032,0.3086474188257288,0.34294157647303203,68.5883152946064,0.014579742857142858
2842,Cantaloupe,1.4,1.0,0.9,"Cantaloupe, raw",0.027,405.0,Riboflavin,MG,1.4,1.5555555555555554,453.592,0.0030864741882572883,0.00342941576473032,0.3086474188257288,0.34294157647303203,12.701539869371556,0.07873061142857143
2843,Cantaloupe,1.4,1.0,0.9,"Cantaloupe, raw",32.0,338.0,Lutein + zeaxanthin,UG,1.4,1.5555555555555554,453.592,0.0030864741882572883,0.00342941576473032,0.3086474188257288,0.34294157647303203,0.010716924264782251,93.3103542857143
2844,Cantaloupe,1.4,1.0,0.9,"Cantaloupe, raw",0.0,221.0,"Alcohol, ethyl",G,1.4,1.5555555555555554,453.592,0.0030864741882572883,0.00342941576473032,0.3086474188257288,0.34294157647303203,inf,0.0
2845,Cantaloupe,1.4,1.0,0.9,"Cantaloupe, raw",1.7,317.0,"Selenium, Se",UG,1.4,1.5555555555555554,453.592,0.0030864741882572883,0.00342941576473032,0.3086474188257288,0.34294157647303203,0.20173033910178356,4.9571125714285715
2846,Cantaloupe,1.4,1.0,0.9,"Cantaloupe, raw",0.18,204.0,Total lipid (fat),G,1.4,1.5555555555555554,453.592,0.0030864741882572883,0.00342941576473032,0.3086474188257288,0.34294157647303203,1.9052309804057335,0.5248707428571429
2847,Cantaloupe,1.4,1.0,0.9,"Cantaloupe, raw",0.0,601.0,Cholesterol,MG,1.4,1.5555555555555554,453.592,0.0030864741882572883,0.00342941576473032,0.3086474188257288,0.34294157647303203,inf,0.0
2848,Cantaloupe,1.4,1.0,0.9,"Cantaloupe, raw",0.043,613.0,SFA 16:0,G,1.4,1.5555555555555554,453.592,0.0030864741882572883,0.00342941576473032,0.3086474188257288,0.34294157647303203,7.975385499372838,0.12538578857142857
2849,Cantaloupe,1.4,1.0,0.9,"Cantaloupe, raw",0.0,337.0,Lycopene,UG,1.4,1.5555555555555554,453.592,0.0030864741882572883,0.00342941576473032,0.3086474188257288,0.34294157647303203,inf,0.0
2850,Cantaloupe,1.4,1.0,0.9,"Cantaloupe, raw",0.0,262.0,Caffeine,MG,1.4,1.5555555555555554,453.592,0.0030864741882572883,0.00342941576473032,0.3086474188257288,0.34294157647303203,inf,0.0
2851,Cantaloupe,1.4,1.0,0.9,"Cantaloupe, raw",0.38,303.0,"Iron, Fe",MG,1.4,1.5555555555555554,453.592,0.0030864741882572883,0.00342941576473032,0.3086474188257288,0.34294157647303203,0.9024778328237685,1.1080604571428572
2852,Cantaloupe,1.4,1.0,0.9,"Cantaloupe, raw",14.0,417.0,"Folate, total",UG,1.4,1.5555555555555554,453.592,0.0030864741882572883,0.00342941576473032,0.3086474188257288,0.34294157647303203,0.02449582689093086,40.823280000000004
2853,Cantaloupe,1.4,1.0,0.9,"Cantaloupe, raw",0.0,431.0,Folic acid,UG,1.4,1.5555555555555554,453.592,0.0030864741882572883,0.00342941576473032,0.3086474188257288,0.34294157647303203,inf,0.0
2854,Cantaloupe,1.4,1.0,0.9,"Cantaloupe, raw",7.6,421.0,"Choline, total",MG,1.4,1.5555555555555554,453.592,0.0030864741882572883,0.00342941576473032,0.3086474188257288,0.34294157647303203,0.04512389164118843,22.161209142857142
2855,Cantaloupe,1.4,1.0,0.9,"Cantaloupe, raw",0.44,309.0,"Zinc, Zn",MG,1.4,1.5555555555555554,453.592,0.0030864741882572883,0.00342941576473032,0.3086474188257288,0.34294157647303203,0.7794126738023455,1.2830173714285715
2856,Cantaloupe,1.4,1.0,0.9,"Cantaloupe, raw",0.694,406.0,Niacin,MG,1.4,1.5555555555555554,453.592,0.0030864741882572883,0.00342941576473032,0.3086474188257288,0.34294157647303203,0.4941521274827551,2.0236683085714287
2857,Cantaloupe,1.4,1.0,0.9,"Cantaloupe, raw",0.0,322.0,"Carotene, alpha",UG,1.4,1.5555555555555554,453.592,0.0030864741882572883,0.00342941576473032,0.3086474188257288,0.34294157647303203,inf,0.0
2858,Cantaloupe,1.4,1.0,0.9,"Cantaloupe, raw",38.0,208.0,Energy,KCAL,1.4,1.5555555555555554,453.592,0.0030864741882572883,0.00342941576473032,0.3086474188257288,0.34294157647303203,0.009024778328237684,110.80604571428572
2859,Cantaloupe,1.4,1.0,0.9,"Cantaloupe, raw",7.88,269.0,"Sugars, Total",G,1.4,1.5555555555555554,453.592,0.0030864741882572883,0.00342941576473032,0.3086474188257288,0.34294157647303203,0.04352050462855737,22.977674742857143
2860,Cantaloupe,1.4,1.0,0.9,"Cantaloupe, raw",0.0,608.0,SFA 6:0,G,1.4,1.5555555555555554,453.592,0.0030864741882572883,0.00342941576473032,0.3086474188257288,0.34294157647303203,inf,0.0
2861,Cantaloupe,1.4,1.0,0.9,"Cantaloupe, raw",14.0,435.0,"Folate, DFE",UG,1.4,1.5555555555555554,453.592,0.0030864741882572883,0.00342941576473032,0.3086474188257288,0.34294157647303203,0.02449582689093086,40.823280000000004
2862,Cantaloupe,1.4,1.0,0.9,"Cantaloupe, raw",0.0,263.0,Theobromine,MG,1.4,1.5555555555555554,453.592,0.0030864741882572883,0.00342941576473032,0.3086474188257288,0.34294157647303203,inf,0.0
2863,Cantaloupe,1.4,1.0,0.9,"Cantaloupe, raw",0.001,612.0,SFA 14:0,G,1.4,1.5555555555555554,453.592,0.0030864741882572883,0.00342941576473032,0.3086474188257288,0.34294157647303203,342.941576473032,0.002915948571428572
2864,Cantaloupe,1.4,1.0,0.9,"Cantaloupe, raw",0.049,404.0,Thiamin,MG,1.4,1.5555555555555554,453.592,0.0030864741882572883,0.00342941576473032,0.3086474188257288,0.34294157647303203,6.998807683123102,0.14288148
2865,Cantaloupe,1.4,1.0,0.9,"Cantaloupe, raw",0.0,610.0,SFA 10:0,G,1.4,1.5555555555555554,453.592,0.0030864741882572883,0.00342941576473032,0.3086474188257288,0.34294157647303203,inf,0.0
2866,Cantaloupe,1.4,1.0,0.9,"Cantaloupe, raw",0.0,628.0,MUFA 20:1,G,1.4,1.5555555555555554,453.592,0.0030864741882572883,0.00342941576473032,0.3086474188257288,0.34294157647303203,inf,0.0
2867,Cantaloupe,1.4,1.0,0.9,"Cantaloupe, raw",0.0,620.0,PUFA 20:4,G,1.4,1.5555555555555554,453.592,0.0030864741882572883,0.00342941576473032,0.3086474188257288,0.34294157647303203,inf,0.0
2868,Pears,5.39,3.0,0.9,"Pear, raw",0.0,578.0,"Vitamin B-12, added",UG,1.7966666666666666,1.996296296296296,1360.7759999999998,0.00396097520826352,0.004401083564737245,0.396097520826352,0.4401083564737245,inf,0.0
2869,Pears,5.39,3.0,0.9,"Pear, raw",0.0,221.0,"Alcohol, ethyl",G,1.7966666666666666,1.996296296296296,1360.7759999999998,0.00396097520826352,0.004401083564737245,0.396097520826352,0.4401083564737245,inf,0.0
2870,Pears,5.39,3.0,0.9,"Pear, raw",0.0,609.0,SFA 8:0,G,1.7966666666666666,1.996296296296296,1360.7759999999998,0.00396097520826352,0.004401083564737245,0.396097520826352,0.4401083564737245,inf,0.0
2871,Pears,5.39,3.0,0.9,"Pear, raw",0.017,613.0,SFA 16:0,G,1.7966666666666666,1.996296296296296,1360.7759999999998,0.00396097520826352,0.004401083564737245,0.396097520826352,0.4401083564737245,25.888726851395557,0.038626851205936924
2872,Pears,5.39,3.0,0.9,"Pear, raw",46.0,338.0,Lutein + zeaxanthin,UG,1.7966666666666666,1.996296296296296,1360.7759999999998,0.00396097520826352,0.004401083564737245,0.396097520826352,0.4401083564737245,0.009567572966820098,104.5197150278293
2873,Pears,5.39,3.0,0.9,"Pear, raw",3.0,307.0,"Sodium, Na",MG,1.7966666666666666,1.996296296296296,1360.7759999999998,0.00396097520826352,0.004401083564737245,0.396097520826352,0.4401083564737245,0.1467027854912415,6.816503153988868
2874,Pears,5.39,3.0,0.9,"Pear, raw",0.026,405.0,Riboflavin,MG,1.7966666666666666,1.996296296296296,1360.7759999999998,0.00396097520826352,0.004401083564737245,0.396097520826352,0.4401083564737245,16.927244479758635,0.05907636066790352
2875,Pears,5.39,3.0,0.9,"Pear, raw",0.0,319.0,Retinol,UG,1.7966666666666666,1.996296296296296,1360.7759999999998,0.00396097520826352,0.004401083564737245,0.396097520826352,0.4401083564737245,inf,0.0
2876,Pears,5.39,3.0,0.9,"Pear, raw",0.0,620.0,PUFA 20:4,G,1.7966666666666666,1.996296296296296,1360.7759999999998,0.00396097520826352,0.004401083564737245,0.396097520826352,0.4401083564737245,inf,0.0
2877,Pears,5.39,3.0,0.9,"Pear, raw",7.0,304.0,"Magnesium, Mg",MG,1.7966666666666666,1.996296296296296,1360.7759999999998,0.00396097520826352,0.004401083564737245,0.396097520826352,0.4401083564737245,0.06287262235338921,15.905174025974025
2878,Pears,5.39,3.0,0.9,"Pear, raw",0.0,573.0,"Vitamin E, added",MG,1.7966666666666666,1.996296296296296,1360.7759999999998,0.00396097520826352,0.004401083564737245,0.396097520826352,0.4401083564737245,inf,0.0
2879,Pears,5.39,3.0,0.9,"Pear, raw",0.0,601.0,Cholesterol,MG,1.7966666666666666,1.996296296296296,1360.7759999999998,0.00396097520826352,0.004401083564737245,0.396097520826352,0.4401083564737245,inf,0.0
2880,Pears,5.39,3.0,0.9,"Pear, raw",0.0,262.0,Caffeine,MG,1.7966666666666666,1.996296296296296,1360.7759999999998,0.00396097520826352,0.004401083564737245,0.396097520826352,0.4401083564737245,inf,0.0
2881,Pears,5.39,3.0,0.9,"Pear, raw",0.0,337.0,Lycopene,UG,1.7966666666666666,1.996296296296296,1360.7759999999998,0.00396097520826352,0.004401083564737245,0.396097520826352,0.4401083564737245,inf,0.0
2882,Pears,5.39,3.0,0.9,"Pear, raw",0.077,312.0,"Copper, Cu",MG,1.7966666666666666,1.996296296296296,1360.7759999999998,0.00396097520826352,0.004401083564737245,0.396097520826352,0.4401083564737245,5.715692941217201,0.17495691428571428
2883,Pears,5.39,3.0,0.9,"Pear, raw",0.003,614.0,SFA 18:0,G,1.7966666666666666,1.996296296296296,1360.7759999999998,0.00396097520826352,0.004401083564737245,0.396097520826352,0.4401083564737245,146.70278549124149,0.006816503153988868
2884,Pears,5.39,3.0,0.9,"Pear, raw",0.001,628.0,MUFA 20:1,G,1.7966666666666666,1.996296296296296,1360.7759999999998,0.00396097520826352,0.004401083564737245,0.396097520826352,0.4401083564737245,440.1083564737245,0.0022721677179962894
2885,Pears,5.39,3.0,0.9,"Pear, raw",0.028,415.0,Vitamin B-6,MG,1.7966666666666666,1.996296296296296,1360.7759999999998,0.00396097520826352,0.004401083564737245,0.396097520826352,0.4401083564737245,15.718155588347303,0.0636206961038961
2886,Pears,5.39,3.0,0.9,"Pear, raw",0.001,619.0,PUFA 18:3,G,1.7966666666666666,1.996296296296296,1360.7759999999998,0.00396097520826352,0.004401083564737245,0.396097520826352,0.4401083564737245,440.1083564737245,0.0022721677179962894
2887,Pears,5.39,3.0,0.9,"Pear, raw",0.094,646.0,"Fatty acids, total polyunsaturated",G,1.7966666666666666,1.996296296296296,1360.7759999999998,0.00396097520826352,0.004401083564737245,0.396097520826352,0.4401083564737245,4.682003792273664,0.2135837654916512
2888,Pears,5.39,3.0,0.9,"Pear, raw",0.0,263.0,Theobromine,MG,1.7966666666666666,1.996296296296296,1360.7759999999998,0.00396097520826352,0.004401083564737245,0.396097520826352,0.4401083564737245,inf,0.0
2889,Pears,5.39,3.0,0.9,"Pear, raw",0.081,617.0,MUFA 18:1,G,1.7966666666666666,1.996296296296296,1360.7759999999998,0.00396097520826352,0.004401083564737245,0.396097520826352,0.4401083564737245,5.433436499675611,0.18404558515769945
2890,Pears,5.39,3.0,0.9,"Pear, raw",15.18,205.0,"Carbohydrate, by difference",G,1.7966666666666666,1.996296296296296,1360.7759999999998,0.00396097520826352,0.004401083564737245,0.396097520826352,0.4401083564737245,0.028992645354000295,34.49150595918367
2891,Pears,5.39,3.0,0.9,"Pear, raw",0.0,608.0,SFA 6:0,G,1.7966666666666666,1.996296296296296,1360.7759999999998,0.00396097520826352,0.004401083564737245,0.396097520826352,0.4401083564737245,inf,0.0
2892,Pears,5.39,3.0,0.9,"Pear, raw",0.0,418.0,Vitamin B-12,UG,1.7966666666666666,1.996296296296296,1360.7759999999998,0.00396097520826352,0.004401083564737245,0.396097520826352,0.4401083564737245,inf,0.0
2893,Pears,5.39,3.0,0.9,"Pear, raw",0.0,631.0,PUFA 22:5 n-3 (DPA),G,1.7966666666666666,1.996296296296296,1360.7759999999998,0.00396097520826352,0.004401083564737245,0.396097520826352,0.4401083564737245,inf,0.0
2894,Pears,5.39,3.0,0.9,"Pear, raw",9.0,301.0,"Calcium, Ca",MG,1.7966666666666666,1.996296296296296,1360.7759999999998,0.00396097520826352,0.004401083564737245,0.396097520826352,0.4401083564737245,0.0489009284970805,20.449509461966603
2895,Pears,5.39,3.0,0.9,"Pear, raw",0.0,630.0,MUFA 22:1,G,1.7966666666666666,1.996296296296296,1360.7759999999998,0.00396097520826352,0.004401083564737245,0.396097520826352,0.4401083564737245,inf,0.0
2896,Pears,5.39,3.0,0.9,"Pear, raw",0.15,204.0,Total lipid (fat),G,1.7966666666666666,1.996296296296296,1360.7759999999998,0.00396097520826352,0.004401083564737245,0.396097520826352,0.4401083564737245,2.93405570982483,0.3408251576994434
2897,Pears,5.39,3.0,0.9,"Pear, raw",0.37,203.0,Protein,G,1.7966666666666666,1.996296296296296,1360.7759999999998,0.00396097520826352,0.004401083564737245,0.396097520826352,0.4401083564737245,1.1894820445235796,0.8407020556586271
2898,Pears,5.39,3.0,0.9,"Pear, raw",0.0,328.0,Vitamin D (D2 + D3),UG,1.7966666666666666,1.996296296296296,1360.7759999999998,0.00396097520826352,0.004401083564737245,0.396097520826352,0.4401083564737245,inf,0.0
2899,Pears,5.39,3.0,0.9,"Pear, raw",0.0,610.0,SFA 10:0,G,1.7966666666666666,1.996296296296296,1360.7759999999998,0.00396097520826352,0.004401083564737245,0.396097520826352,0.4401083564737245,inf,0.0
2900,Pears,5.39,3.0,0.9,"Pear, raw",11.0,305.0,"Phosphorus, P",MG,1.7966666666666666,1.996296296296296,1360.7759999999998,0.00396097520826352,0.004401083564737245,0.396097520826352,0.4401083564737245,0.040009850588520406,24.993844897959182
2901,Pears,5.39,3.0,0.9,"Pear, raw",0.0,629.0,PUFA 20:5 n-3 (EPA),G,1.7966666666666666,1.996296296296296,1360.7759999999998,0.00396097520826352,0.004401083564737245,0.396097520826352,0.4401083564737245,inf,0.0
2902,Pears,5.39,3.0,0.9,"Pear, raw",1.0,322.0,"Carotene, alpha",UG,1.7966666666666666,1.996296296296296,1360.7759999999998,0.00396097520826352,0.004401083564737245,0.396097520826352,0.4401083564737245,0.4401083564737245,2.272167717996289
2903,Pears,5.39,3.0,0.9,"Pear, raw",0.1,317.0,"Selenium, Se",UG,1.7966666666666666,1.996296296296296,1360.7759999999998,0.00396097520826352,0.004401083564737245,0.396097520826352,0.4401083564737245,4.401083564737244,0.22721677179962896
2904,Pears,5.39,3.0,0.9,"Pear, raw",0.0,621.0,PUFA 22:6 n-3 (DHA),G,1.7966666666666666,1.996296296296296,1360.7759999999998,0.00396097520826352,0.004401083564737245,0.396097520826352,0.4401083564737245,inf,0.0
2905,Pears,5.39,3.0,0.9,"Pear, raw",0.18,303.0,"Iron, Fe",MG,1.7966666666666666,1.996296296296296,1360.7759999999998,0.00396097520826352,0.004401083564737245,0.396097520826352,0.4401083564737245,2.445046424854025,0.40899018923933206
2906,Pears,5.39,3.0,0.9,"Pear, raw",1.0,320.0,"Vitamin A, RAE",UG,1.7966666666666666,1.996296296296296,1360.7759999999998,0.00396097520826352,0.004401083564737245,0.396097520826352,0.4401083564737245,0.4401083564737245,2.272167717996289
2907,Pears,5.39,3.0,0.9,"Pear, raw",12.0,321.0,"Carotene, beta",UG,1.7966666666666666,1.996296296296296,1360.7759999999998,0.00396097520826352,0.004401083564737245,0.396097520826352,0.4401083564737245,0.036675696372810374,27.26601261595547
2908,Pears,5.39,3.0,0.9,"Pear, raw",2.0,334.0,"Cryptoxanthin, beta",UG,1.7966666666666666,1.996296296296296,1360.7759999999998,0.00396097520826352,0.004401083564737245,0.396097520826352,0.4401083564737245,0.22005417823686224,4.544335435992578
2909,Pears,5.39,3.0,0.9,"Pear, raw",7.0,432.0,"Folate, food",UG,1.7966666666666666,1.996296296296296,1360.7759999999998,0.00396097520826352,0.004401083564737245,0.396097520826352,0.4401083564737245,0.06287262235338921,15.905174025974025
2910,Pears,5.39,3.0,0.9,"Pear, raw",7.0,417.0,"Folate, total",UG,1.7966666666666666,1.996296296296296,1360.7759999999998,0.00396097520826352,0.004401083564737245,0.396097520826352,0.4401083564737245,0.06287262235338921,15.905174025974025
2911,Pears,5.39,3.0,0.9,"Pear, raw",3.1,291.0,"Fiber, total dietary",G,1.7966666666666666,1.996296296296296,1360.7759999999998,0.00396097520826352,0.004401083564737245,0.396097520826352,0.4401083564737245,0.14197043757216918,7.043719925788497
2912,Pears,5.39,3.0,0.9,"Pear, raw",0.0,627.0,PUFA 18:4,G,1.7966666666666666,1.996296296296296,1360.7759999999998,0.00396097520826352,0.004401083564737245,0.396097520826352,0.4401083564737245,inf,0.0
2913,Pears,5.39,3.0,0.9,"Pear, raw",0.093,618.0,PUFA 18:2,G,1.7966666666666666,1.996296296296296,1360.7759999999998,0.00396097520826352,0.004401083564737245,0.396097520826352,0.4401083564737245,4.732347919072306,0.2113115977736549
2914,Pears,5.39,3.0,0.9,"Pear, raw",0.022,606.0,"Fatty acids, total saturated",G,1.7966666666666666,1.996296296296296,1360.7759999999998,0.00396097520826352,0.004401083564737245,0.396097520826352,0.4401083564737245,20.004925294260204,0.04998768979591836
2915,Pears,5.39,3.0,0.9,"Pear, raw",4.3,401.0,"Vitamin C, total ascorbic acid",MG,1.7966666666666666,1.996296296296296,1360.7759999999998,0.00396097520826352,0.004401083564737245,0.396097520826352,0.4401083564737245,0.10235078057528477,9.770321187384043
2916,Pears,5.39,3.0,0.9,"Pear, raw",4.2,430.0,Vitamin K (phylloquinone),UG,1.7966666666666666,1.996296296296296,1360.7759999999998,0.00396097520826352,0.004401083564737245,0.396097520826352,0.4401083564737245,0.10478770392231535,9.543104415584416
2917,Pears,5.39,3.0,0.9,"Pear, raw",0.0,612.0,SFA 14:0,G,1.7966666666666666,1.996296296296296,1360.7759999999998,0.00396097520826352,0.004401083564737245,0.396097520826352,0.4401083564737245,inf,0.0
2918,Pears,5.39,3.0,0.9,"Pear, raw",5.1,421.0,"Choline, total",MG,1.7966666666666666,1.996296296296296,1360.7759999999998,0.00396097520826352,0.004401083564737245,0.396097520826352,0.4401083564737245,0.08629575617131853,11.588055361781075
2919,Pears,5.39,3.0,0.9,"Pear, raw",104.0,306.0,"Potassium, K",MG,1.7966666666666666,1.996296296296296,1360.7759999999998,0.00396097520826352,0.004401083564737245,0.396097520826352,0.4401083564737245,0.004231811119939658,236.3054426716141
2920,Pears,5.39,3.0,0.9,"Pear, raw",84.02,255.0,Water,G,1.7966666666666666,1.996296296296296,1360.7759999999998,0.00396097520826352,0.004401083564737245,0.396097520826352,0.4401083564737245,0.005238138020396626,190.90753166604821
2921,Pears,5.39,3.0,0.9,"Pear, raw",0.09,309.0,"Zinc, Zn",MG,1.7966666666666666,1.996296296296296,1360.7759999999998,0.00396097520826352,0.004401083564737245,0.396097520826352,0.4401083564737245,4.89009284970805,0.20449509461966603
2922,Pears,5.39,3.0,0.9,"Pear, raw",0.0,607.0,SFA 4:0,G,1.7966666666666666,1.996296296296296,1360.7759999999998,0.00396097520826352,0.004401083564737245,0.396097520826352,0.4401083564737245,inf,0.0
2923,Pears,5.39,3.0,0.9,"Pear, raw",0.12,323.0,Vitamin E (alpha-tocopherol),MG,1.7966666666666666,1.996296296296296,1360.7759999999998,0.00396097520826352,0.004401083564737245,0.396097520826352,0.4401083564737245,3.6675696372810376,0.2726601261595547
2924,Pears,5.39,3.0,0.9,"Pear, raw",59.0,208.0,Energy,KCAL,1.7966666666666666,1.996296296296296,1360.7759999999998,0.00396097520826352,0.004401083564737245,0.396097520826352,0.4401083564737245,0.007459463669046177,134.05789536178108
2925,Pears,5.39,3.0,0.9,"Pear, raw",0.0,431.0,Folic acid,UG,1.7966666666666666,1.996296296296296,1360.7759999999998,0.00396097520826352,0.004401083564737245,0.396097520826352,0.4401083564737245,inf,0.0
2926,Pears,5.39,3.0,0.9,"Pear, raw",0.002,626.0,MUFA 16:1,G,1.7966666666666666,1.996296296296296,1360.7759999999998,0.00396097520826352,0.004401083564737245,0.396097520826352,0.4401083564737245,220.05417823686224,0.004544335435992579
2927,Pears,5.39,3.0,0.9,"Pear, raw",0.162,406.0,Niacin,MG,1.7966666666666666,1.996296296296296,1360.7759999999998,0.00396097520826352,0.004401083564737245,0.396097520826352,0.4401083564737245,2.7167182498378053,0.3680911703153989
2928,Pears,5.39,3.0,0.9,"Pear, raw",0.012,404.0,Thiamin,MG,1.7966666666666666,1.996296296296296,1360.7759999999998,0.00396097520826352,0.004401083564737245,0.396097520826352,0.4401083564737245,36.67569637281037,0.027266012615955473
2929,Pears,5.39,3.0,0.9,"Pear, raw",0.084,645.0,"Fatty acids, total monounsaturated",G,1.7966666666666666,1.996296296296296,1360.7759999999998,0.00396097520826352,0.004401083564737245,0.396097520826352,0.4401083564737245,5.239385196115768,0.19086208831168833
2930,Pears,5.39,3.0,0.9,"Pear, raw",7.0,435.0,"Folate, DFE",UG,1.7966666666666666,1.996296296296296,1360.7759999999998,0.00396097520826352,0.004401083564737245,0.396097520826352,0.4401083564737245,0.06287262235338921,15.905174025974025
2931,Pears,5.39,3.0,0.9,"Pear, raw",0.0,611.0,SFA 12:0,G,1.7966666666666666,1.996296296296296,1360.7759999999998,0.00396097520826352,0.004401083564737245,0.396097520826352,0.4401083564737245,inf,0.0
2932,Pears,5.39,3.0,0.9,"Pear, raw",9.73,269.0,"Sugars, Total",G,1.7966666666666666,1.996296296296296,1360.7759999999998,0.00396097520826352,0.004401083564737245,0.396097520826352,0.4401083564737245,0.045232102412510224,22.108191896103897
2933,Peaches,3.65,2.0,0.9,"Peach, raw",0.0,610.0,SFA 10:0,G,1.825,2.0277777777777777,907.184,0.004023439566835394,0.004470488407594882,0.4023439566835394,0.4470488407594882,inf,0.0
2934,Peaches,3.65,2.0,0.9,"Peach, raw",0.002,614.0,SFA 18:0,G,1.825,2.0277777777777777,907.184,0.004023439566835394,0.004470488407594882,0.4023439566835394,0.4470488407594882,223.5244203797441,0.004473784109589042
2935,Peaches,3.65,2.0,0.9,"Peach, raw",0.0,620.0,PUFA 20:4,G,1.825,2.0277777777777777,907.184,0.004023439566835394,0.004470488407594882,0.4023439566835394,0.4470488407594882,inf,0.0
2936,Peaches,3.65,2.0,0.9,"Peach, raw",0.019,606.0,"Fatty acids, total saturated",G,1.825,2.0277777777777777,907.184,0.004023439566835394,0.004470488407594882,0.4023439566835394,0.4470488407594882,23.528886355762538,0.042500949041095894
2937,Peaches,3.65,2.0,0.9,"Peach, raw",0.067,645.0,"Fatty acids, total monounsaturated",G,1.825,2.0277777777777777,907.184,0.004023439566835394,0.004470488407594882,0.4023439566835394,0.4470488407594882,6.672370757604301,0.1498717676712329
2938,Peaches,3.65,2.0,0.9,"Peach, raw",0.0,573.0,"Vitamin E, added",MG,1.825,2.0277777777777777,907.184,0.004023439566835394,0.004470488407594882,0.4023439566835394,0.4470488407594882,inf,0.0
2939,Peaches,3.65,2.0,0.9,"Peach, raw",0.0,601.0,Cholesterol,MG,1.825,2.0277777777777777,907.184,0.004023439566835394,0.004470488407594882,0.4023439566835394,0.4470488407594882,inf,0.0
2940,Peaches,3.65,2.0,0.9,"Peach, raw",0.002,626.0,MUFA 16:1,G,1.825,2.0277777777777777,907.184,0.004023439566835394,0.004470488407594882,0.4023439566835394,0.4470488407594882,223.5244203797441,0.004473784109589042
2941,Peaches,3.65,2.0,0.9,"Peach, raw",0.065,617.0,MUFA 18:1,G,1.825,2.0277777777777777,907.184,0.004023439566835394,0.004470488407594882,0.4023439566835394,0.4470488407594882,6.877674473222895,0.14539798356164385
2942,Peaches,3.65,2.0,0.9,"Peach, raw",0.0,578.0,"Vitamin B-12, added",UG,1.825,2.0277777777777777,907.184,0.004023439566835394,0.004470488407594882,0.4023439566835394,0.4470488407594882,inf,0.0
2943,Peaches,3.65,2.0,0.9,"Peach, raw",0.0,621.0,PUFA 22:6 n-3 (DHA),G,1.825,2.0277777777777777,907.184,0.004023439566835394,0.004470488407594882,0.4023439566835394,0.4470488407594882,inf,0.0
2944,Peaches,3.65,2.0,0.9,"Peach, raw",0.086,646.0,"Fatty acids, total polyunsaturated",G,1.825,2.0277777777777777,907.184,0.004023439566835394,0.004470488407594882,0.4023439566835394,0.4470488407594882,5.198242334412654,0.19237271671232875
2945,Peaches,3.65,2.0,0.9,"Peach, raw",0.0,628.0,MUFA 20:1,G,1.825,2.0277777777777777,907.184,0.004023439566835394,0.004470488407594882,0.4023439566835394,0.4470488407594882,inf,0.0
2946,Peaches,3.65,2.0,0.9,"Peach, raw",0.017,613.0,SFA 16:0,G,1.825,2.0277777777777777,907.184,0.004023439566835394,0.004470488407594882,0.4023439566835394,0.4470488407594882,26.29699063291107,0.03802716493150685
2947,Peaches,3.65,2.0,0.9,"Peach, raw",0.0,631.0,PUFA 22:5 n-3 (DPA),G,1.825,2.0277777777777777,907.184,0.004023439566835394,0.004470488407594882,0.4023439566835394,0.4470488407594882,inf,0.0
2948,Peaches,3.65,2.0,0.9,"Peach, raw",0.0,630.0,MUFA 22:1,G,1.825,2.0277777777777777,907.184,0.004023439566835394,0.004470488407594882,0.4023439566835394,0.4470488407594882,inf,0.0
2949,Peaches,3.65,2.0,0.9,"Peach, raw",0.0,607.0,SFA 4:0,G,1.825,2.0277777777777777,907.184,0.004023439566835394,0.004470488407594882,0.4023439566835394,0.4470488407594882,inf,0.0
2950,Peaches,3.65,2.0,0.9,"Peach, raw",0.0,611.0,SFA 12:0,G,1.825,2.0277777777777777,907.184,0.004023439566835394,0.004470488407594882,0.4023439566835394,0.4470488407594882,inf,0.0
2951,Peaches,3.65,2.0,0.9,"Peach, raw",0.0,609.0,SFA 8:0,G,1.825,2.0277777777777777,907.184,0.004023439566835394,0.004470488407594882,0.4023439566835394,0.4470488407594882,inf,0.0
2952,Peaches,3.65,2.0,0.9,"Peach, raw",0.0,612.0,SFA 14:0,G,1.825,2.0277777777777777,907.184,0.004023439566835394,0.004470488407594882,0.4023439566835394,0.4470488407594882,inf,0.0
2953,Peaches,3.65,2.0,0.9,"Peach, raw",0.084,618.0,PUFA 18:2,G,1.825,2.0277777777777777,907.184,0.004023439566835394,0.004470488407594882,0.4023439566835394,0.4470488407594882,5.322010009041525,0.18789893260273974
2954,Peaches,3.65,2.0,0.9,"Peach, raw",0.0,608.0,SFA 6:0,G,1.825,2.0277777777777777,907.184,0.004023439566835394,0.004470488407594882,0.4023439566835394,0.4470488407594882,inf,0.0
2955,Peaches,3.65,2.0,0.9,"Peach, raw",0.002,619.0,PUFA 18:3,G,1.825,2.0277777777777777,907.184,0.004023439566835394,0.004470488407594882,0.4023439566835394,0.4470488407594882,223.5244203797441,0.004473784109589042
2956,Peaches,3.65,2.0,0.9,"Peach, raw",0.0,629.0,PUFA 20:5 n-3 (EPA),G,1.825,2.0277777777777777,907.184,0.004023439566835394,0.004470488407594882,0.4023439566835394,0.4470488407594882,inf,0.0
2957,Peaches,3.65,2.0,0.9,"Peach, raw",0.0,627.0,PUFA 18:4,G,1.825,2.0277777777777777,907.184,0.004023439566835394,0.004470488407594882,0.4023439566835394,0.4470488407594882,inf,0.0
2958,Peaches,3.65,2.0,0.9,"Peach, raw",0.806,406.0,Niacin,MG,1.825,2.0277777777777777,907.184,0.004023439566835394,0.004470488407594882,0.4023439566835394,0.4470488407594882,0.5546511671953948,1.8029349961643837
2959,Peaches,3.65,2.0,0.9,"Peach, raw",0.27,204.0,Total lipid (fat),G,1.825,2.0277777777777777,907.184,0.004023439566835394,0.004470488407594882,0.4023439566835394,0.4470488407594882,1.6557364472573637,0.6039608547945207
2960,Peaches,3.65,2.0,0.9,"Peach, raw",6.0,432.0,"Folate, food",UG,1.825,2.0277777777777777,907.184,0.004023439566835394,0.004470488407594882,0.4023439566835394,0.4470488407594882,0.07450814012658137,13.421352328767124
2961,Peaches,3.65,2.0,0.9,"Peach, raw",4.0,301.0,"Calcium, Ca",MG,1.825,2.0277777777777777,907.184,0.004023439566835394,0.004470488407594882,0.4023439566835394,0.4470488407594882,0.11176221018987205,8.947568219178082
2962,Peaches,3.65,2.0,0.9,"Peach, raw",8.0,304.0,"Magnesium, Mg",MG,1.825,2.0277777777777777,907.184,0.004023439566835394,0.004470488407594882,0.4023439566835394,0.4470488407594882,0.055881105094936025,17.895136438356165
2963,Peaches,3.65,2.0,0.9,"Peach, raw",132.0,338.0,Lutein + zeaxanthin,UG,1.825,2.0277777777777777,907.184,0.004023439566835394,0.004470488407594882,0.4023439566835394,0.4470488407594882,0.003386733642117335,295.26975123287673
2964,Peaches,3.65,2.0,0.9,"Peach, raw",0.0,418.0,Vitamin B-12,UG,1.825,2.0277777777777777,907.184,0.004023439566835394,0.004470488407594882,0.4023439566835394,0.4470488407594882,inf,0.0
2965,Peaches,3.65,2.0,0.9,"Peach, raw",6.0,417.0,"Folate, total",UG,1.825,2.0277777777777777,907.184,0.004023439566835394,0.004470488407594882,0.4023439566835394,0.4470488407594882,0.07450814012658137,13.421352328767124
2966,Peaches,3.65,2.0,0.9,"Peach, raw",6.0,435.0,"Folate, DFE",UG,1.825,2.0277777777777777,907.184,0.004023439566835394,0.004470488407594882,0.4023439566835394,0.4470488407594882,0.07450814012658137,13.421352328767124
2967,Peaches,3.65,2.0,0.9,"Peach, raw",22.0,305.0,"Phosphorus, P",MG,1.825,2.0277777777777777,907.184,0.004023439566835394,0.004470488407594882,0.4023439566835394,0.4470488407594882,0.02032040185270401,49.21162520547946
2968,Peaches,3.65,2.0,0.9,"Peach, raw",6.1,421.0,"Choline, total",MG,1.825,2.0277777777777777,907.184,0.004023439566835394,0.004470488407594882,0.4023439566835394,0.4470488407594882,0.07328669520647348,13.645041534246575
2969,Peaches,3.65,2.0,0.9,"Peach, raw",0.91,203.0,Protein,G,1.825,2.0277777777777777,907.184,0.004023439566835394,0.004470488407594882,0.4023439566835394,0.4470488407594882,0.4912624623730639,2.035571769863014
2970,Peaches,3.65,2.0,0.9,"Peach, raw",122.0,306.0,"Potassium, K",MG,1.825,2.0277777777777777,907.184,0.004023439566835394,0.004470488407594882,0.4023439566835394,0.4470488407594882,0.003664334760323674,272.9008306849315
2971,Peaches,3.65,2.0,0.9,"Peach, raw",0.024,404.0,Thiamin,MG,1.825,2.0277777777777777,907.184,0.004023439566835394,0.004470488407594882,0.4023439566835394,0.4470488407594882,18.62703503164534,0.053685409315068496
2972,Peaches,3.65,2.0,0.9,"Peach, raw",8.39,269.0,"Sugars, Total",G,1.825,2.0277777777777777,907.184,0.004023439566835394,0.004470488407594882,0.4023439566835394,0.4470488407594882,0.053283532867638636,18.76752433972603
2973,Peaches,3.65,2.0,0.9,"Peach, raw",0.078,312.0,"Copper, Cu",MG,1.825,2.0277777777777777,907.184,0.004023439566835394,0.004470488407594882,0.4023439566835394,0.4470488407594882,5.731395394352413,0.17447758027397262
2974,Peaches,3.65,2.0,0.9,"Peach, raw",46.0,208.0,Energy,KCAL,1.825,2.0277777777777777,907.184,0.004023439566835394,0.004470488407594882,0.4023439566835394,0.4470488407594882,0.009718453059988873,102.89703452054795
2975,Peaches,3.65,2.0,0.9,"Peach, raw",224.0,321.0,"Carotene, beta",UG,1.825,2.0277777777777777,907.184,0.004023439566835394,0.004470488407594882,0.4023439566835394,0.4470488407594882,0.0019957537533905724,501.0638202739726
2976,Peaches,3.65,2.0,0.9,"Peach, raw",117.0,334.0,"Cryptoxanthin, beta",UG,1.825,2.0277777777777777,907.184,0.004023439566835394,0.004470488407594882,0.4023439566835394,0.4470488407594882,0.0038209302629016086,261.7163704109589
2977,Peaches,3.65,2.0,0.9,"Peach, raw",3.0,430.0,Vitamin K (phylloquinone),UG,1.825,2.0277777777777777,907.184,0.004023439566835394,0.004470488407594882,0.4023439566835394,0.4470488407594882,0.14901628025316274,6.710676164383562
2978,Peaches,3.65,2.0,0.9,"Peach, raw",1.5,291.0,"Fiber, total dietary",G,1.825,2.0277777777777777,907.184,0.004023439566835394,0.004470488407594882,0.4023439566835394,0.4470488407594882,0.2980325605063255,3.355338082191781
2979,Peaches,3.65,2.0,0.9,"Peach, raw",0.73,323.0,Vitamin E (alpha-tocopherol),MG,1.825,2.0277777777777777,907.184,0.004023439566835394,0.004470488407594882,0.4023439566835394,0.4470488407594882,0.6123956722732715,1.6329312
2980,Peaches,3.65,2.0,0.9,"Peach, raw",0.0,319.0,Retinol,UG,1.825,2.0277777777777777,907.184,0.004023439566835394,0.004470488407594882,0.4023439566835394,0.4470488407594882,inf,0.0
2981,Peaches,3.65,2.0,0.9,"Peach, raw",10.1,205.0,"Carbohydrate, by difference",G,1.825,2.0277777777777777,907.184,0.004023439566835394,0.004470488407594882,0.4023439566835394,0.4470488407594882,0.04426226146133547,22.592609753424657
2982,Peaches,3.65,2.0,0.9,"Peach, raw",0.031,405.0,Riboflavin,MG,1.825,2.0277777777777777,907.184,0.004023439566835394,0.004470488407594882,0.4023439566835394,0.4470488407594882,14.420930347080265,0.06934365369863014
2983,Peaches,3.65,2.0,0.9,"Peach, raw",4.1,401.0,"Vitamin C, total ascorbic acid",MG,1.825,2.0277777777777777,907.184,0.004023439566835394,0.004470488407594882,0.4023439566835394,0.4470488407594882,0.10903630262426542,9.171257424657533
2984,Peaches,3.65,2.0,0.9,"Peach, raw",0.23,309.0,"Zinc, Zn",MG,1.825,2.0277777777777777,907.184,0.004023439566835394,0.004470488407594882,0.4023439566835394,0.4470488407594882,1.9436906119977746,0.5144851726027397
2985,Peaches,3.65,2.0,0.9,"Peach, raw",0.34,303.0,"Iron, Fe",MG,1.825,2.0277777777777777,907.184,0.004023439566835394,0.004470488407594882,0.4023439566835394,0.4470488407594882,1.3148495316455535,0.760543298630137
2986,Peaches,3.65,2.0,0.9,"Peach, raw",0.0,322.0,"Carotene, alpha",UG,1.825,2.0277777777777777,907.184,0.004023439566835394,0.004470488407594882,0.4023439566835394,0.4470488407594882,inf,0.0
2987,Peaches,3.65,2.0,0.9,"Peach, raw",0.0,262.0,Caffeine,MG,1.825,2.0277777777777777,907.184,0.004023439566835394,0.004470488407594882,0.4023439566835394,0.4470488407594882,inf,0.0
2988,Peaches,3.65,2.0,0.9,"Peach, raw",0.0,328.0,Vitamin D (D2 + D3),UG,1.825,2.0277777777777777,907.184,0.004023439566835394,0.004470488407594882,0.4023439566835394,0.4470488407594882,inf,0.0
2989,Peaches,3.65,2.0,0.9,"Peach, raw",0.0,337.0,Lycopene,UG,1.825,2.0277777777777777,907.184,0.004023439566835394,0.004470488407594882,0.4023439566835394,0.4470488407594882,inf,0.0
2990,Peaches,3.65,2.0,0.9,"Peach, raw",0.0,221.0,"Alcohol, ethyl",G,1.825,2.0277777777777777,907.184,0.004023439566835394,0.004470488407594882,0.4023439566835394,0.4470488407594882,inf,0.0
2991,Peaches,3.65,2.0,0.9,"Peach, raw",0.0,263.0,Theobromine,MG,1.825,2.0277777777777777,907.184,0.004023439566835394,0.004470488407594882,0.4023439566835394,0.4470488407594882,inf,0.0
2992,Peaches,3.65,2.0,0.9,"Peach, raw",0.025,415.0,Vitamin B-6,MG,1.825,2.0277777777777777,907.184,0.004023439566835394,0.004470488407594882,0.4023439566835394,0.4470488407594882,17.881953630379527,0.055922301369863016
2993,Peaches,3.65,2.0,0.9,"Peach, raw",24.0,320.0,"Vitamin A, RAE",UG,1.825,2.0277777777777777,907.184,0.004023439566835394,0.004470488407594882,0.4023439566835394,0.4470488407594882,0.018627035031645343,53.6854093150685
2994,Peaches,3.65,2.0,0.9,"Peach, raw",0.0,431.0,Folic acid,UG,1.825,2.0277777777777777,907.184,0.004023439566835394,0.004470488407594882,0.4023439566835394,0.4470488407594882,inf,0.0
2995,Peaches,3.65,2.0,0.9,"Peach, raw",88.3,255.0,Water,G,1.825,2.0277777777777777,907.184,0.004023439566835394,0.004470488407594882,0.4023439566835394,0.4470488407594882,0.0050628407787031504,197.51756843835616
2996,Peaches,3.65,2.0,0.9,"Peach, raw",2.1,317.0,"Selenium, Se",UG,1.825,2.0277777777777777,907.184,0.004023439566835394,0.004470488407594882,0.4023439566835394,0.4470488407594882,0.21288040036166103,4.6974733150684935
2997,Peaches,3.65,2.0,0.9,"Peach, raw",13.0,307.0,"Sodium, Na",MG,1.825,2.0277777777777777,907.184,0.004023439566835394,0.004470488407594882,0.4023439566835394,0.4470488407594882,0.03438837236611448,29.07959671232877
2998,Strawberries,3.95,1.5,1.0,"Strawberries, raw",1.0,320.0,"Vitamin A, RAE",UG,2.6333333333333333,2.6333333333333333,680.3879999999999,0.005805510973150615,0.005805510973150615,0.5805510973150615,0.5805510973150615,0.5805510973150615,1.7225012658227845
2999,Strawberries,3.95,1.5,1.0,"Strawberries, raw",0.0,610.0,SFA 10:0,G,2.6333333333333333,2.6333333333333333,680.3879999999999,0.005805510973150615,0.005805510973150615,0.5805510973150615,0.5805510973150615,inf,0.0
3000,Strawberries,3.95,1.5,1.0,"Strawberries, raw",0.0,627.0,PUFA 18:4,G,2.6333333333333333,2.6333333333333333,680.3879999999999,0.005805510973150615,0.005805510973150615,0.5805510973150615,0.5805510973150615,inf,0.0
3001,Strawberries,3.95,1.5,1.0,"Strawberries, raw",8.0,435.0,"Folate, DFE",UG,2.6333333333333333,2.6333333333333333,680.3879999999999,0.005805510973150615,0.005805510973150615,0.5805510973150615,0.5805510973150615,0.07256888716438269,13.780010126582276
3002,Strawberries,3.95,1.5,1.0,"Strawberries, raw",22.0,338.0,Lutein + zeaxanthin,UG,2.6333333333333333,2.6333333333333333,680.3879999999999,0.005805510973150615,0.005805510973150615,0.5805510973150615,0.5805510973150615,0.026388686241593705,37.89502784810126
3003,Strawberries,3.95,1.5,1.0,"Strawberries, raw",7.63,205.0,"Carbohydrate, by difference",G,2.6333333333333333,2.6333333333333333,680.3879999999999,0.005805510973150615,0.005805510973150615,0.5805510973150615,0.5805510973150615,0.07608795508716402,13.142684658227846
3004,Strawberries,3.95,1.5,1.0,"Strawberries, raw",0.0,617.0,MUFA 18:1,G,2.6333333333333333,2.6333333333333333,680.3879999999999,0.005805510973150615,0.005805510973150615,0.5805510973150615,0.5805510973150615,inf,0.0
3005,Strawberries,3.95,1.5,1.0,"Strawberries, raw",20.0,305.0,"Phosphorus, P",MG,2.6333333333333333,2.6333333333333333,680.3879999999999,0.005805510973150615,0.005805510973150615,0.5805510973150615,0.5805510973150615,0.029027554865753074,34.450025316455694
3006,Strawberries,3.95,1.5,1.0,"Strawberries, raw",56.0,401.0,"Vitamin C, total ascorbic acid",MG,2.6333333333333333,2.6333333333333333,680.3879999999999,0.005805510973150615,0.005805510973150615,0.5805510973150615,0.5805510973150615,0.010366983880626098,96.46007088607594
3007,Strawberries,3.95,1.5,1.0,"Strawberries, raw",0.0,630.0,MUFA 22:1,G,2.6333333333333333,2.6333333333333333,680.3879999999999,0.005805510973150615,0.005805510973150615,0.5805510973150615,0.5805510973150615,inf,0.0
3008,Strawberries,3.95,1.5,1.0,"Strawberries, raw",0.0,619.0,PUFA 18:3,G,2.6333333333333333,2.6333333333333333,680.3879999999999,0.005805510973150615,0.005805510973150615,0.5805510973150615,0.5805510973150615,inf,0.0
3009,Strawberries,3.95,1.5,1.0,"Strawberries, raw",0.18,309.0,"Zinc, Zn",MG,2.6333333333333333,2.6333333333333333,680.3879999999999,0.005805510973150615,0.005805510973150615,0.5805510973150615,0.5805510973150615,3.2252838739725638,0.3100502278481012
3010,Strawberries,3.95,1.5,1.0,"Strawberries, raw",0.0,607.0,SFA 4:0,G,2.6333333333333333,2.6333333333333333,680.3879999999999,0.005805510973150615,0.005805510973150615,0.5805510973150615,0.5805510973150615,inf,0.0
3011,Strawberries,3.95,1.5,1.0,"Strawberries, raw",0.0,322.0,"Carotene, alpha",UG,2.6333333333333333,2.6333333333333333,680.3879999999999,0.005805510973150615,0.005805510973150615,0.5805510973150615,0.5805510973150615,inf,0.0
3012,Strawberries,3.95,1.5,1.0,"Strawberries, raw",0.0,628.0,MUFA 20:1,G,2.6333333333333333,2.6333333333333333,680.3879999999999,0.005805510973150615,0.005805510973150615,0.5805510973150615,0.5805510973150615,inf,0.0
3013,Strawberries,3.95,1.5,1.0,"Strawberries, raw",0.0,614.0,SFA 18:0,G,2.6333333333333333,2.6333333333333333,680.3879999999999,0.005805510973150615,0.005805510973150615,0.5805510973150615,0.5805510973150615,inf,0.0
3014,Strawberries,3.95,1.5,1.0,"Strawberries, raw",0.22,204.0,Total lipid (fat),G,2.6333333333333333,2.6333333333333333,680.3879999999999,0.005805510973150615,0.005805510973150615,0.5805510973150615,0.5805510973150615,2.6388686241593704,0.3789502784810126
3015,Strawberries,3.95,1.5,1.0,"Strawberries, raw",0.0,262.0,Caffeine,MG,2.6333333333333333,2.6333333333333333,680.3879999999999,0.005805510973150615,0.005805510973150615,0.5805510973150615,0.5805510973150615,inf,0.0
3016,Strawberries,3.95,1.5,1.0,"Strawberries, raw",0.0,573.0,"Vitamin E, added",MG,2.6333333333333333,2.6333333333333333,680.3879999999999,0.005805510973150615,0.005805510973150615,0.5805510973150615,0.5805510973150615,inf,0.0
3017,Strawberries,3.95,1.5,1.0,"Strawberries, raw",1.8,291.0,"Fiber, total dietary",G,2.6333333333333333,2.6333333333333333,680.3879999999999,0.005805510973150615,0.005805510973150615,0.5805510973150615,0.5805510973150615,0.32252838739725637,3.100502278481012
3018,Strawberries,3.95,1.5,1.0,"Strawberries, raw",0.0,620.0,PUFA 20:4,G,2.6333333333333333,2.6333333333333333,680.3879999999999,0.005805510973150615,0.005805510973150615,0.5805510973150615,0.5805510973150615,inf,0.0
3019,Strawberries,3.95,1.5,1.0,"Strawberries, raw",7.0,321.0,"Carotene, beta",UG,2.6333333333333333,2.6333333333333333,680.3879999999999,0.005805510973150615,0.005805510973150615,0.5805510973150615,0.5805510973150615,0.08293587104500878,12.057508860759492
3020,Strawberries,3.95,1.5,1.0,"Strawberries, raw",35.0,208.0,Energy,KCAL,2.6333333333333333,2.6333333333333333,680.3879999999999,0.005805510973150615,0.005805510973150615,0.5805510973150615,0.5805510973150615,0.016587174209001757,60.28754430379746
3021,Strawberries,3.95,1.5,1.0,"Strawberries, raw",0.4,317.0,"Selenium, Se",UG,2.6333333333333333,2.6333333333333333,680.3879999999999,0.005805510973150615,0.005805510973150615,0.5805510973150615,0.5805510973150615,1.4513777432876536,0.6890005063291138
3022,Strawberries,3.95,1.5,1.0,"Strawberries, raw",0.0,612.0,SFA 14:0,G,2.6333333333333333,2.6333333333333333,680.3879999999999,0.005805510973150615,0.005805510973150615,0.5805510973150615,0.5805510973150615,inf,0.0
3023,Strawberries,3.95,1.5,1.0,"Strawberries, raw",0.016,405.0,Riboflavin,MG,2.6333333333333333,2.6333333333333333,680.3879999999999,0.005805510973150615,0.005805510973150615,0.5805510973150615,0.5805510973150615,36.284443582191344,0.027560020253164553
3024,Strawberries,3.95,1.5,1.0,"Strawberries, raw",5.34,269.0,"Sugars, Total",G,2.6333333333333333,2.6333333333333333,680.3879999999999,0.005805510973150615,0.005805510973150615,0.5805510973150615,0.5805510973150615,0.10871743395413137,9.198156759493669
3025,Strawberries,3.95,1.5,1.0,"Strawberries, raw",0.0,263.0,Theobromine,MG,2.6333333333333333,2.6333333333333333,680.3879999999999,0.005805510973150615,0.005805510973150615,0.5805510973150615,0.5805510973150615,inf,0.0
3026,Strawberries,3.95,1.5,1.0,"Strawberries, raw",0.29,323.0,Vitamin E (alpha-tocopherol),MG,2.6333333333333333,2.6333333333333333,680.3879999999999,0.005805510973150615,0.005805510973150615,0.5805510973150615,0.5805510973150615,2.001900335569178,0.4995253670886075
3027,Strawberries,3.95,1.5,1.0,"Strawberries, raw",91.1,255.0,Water,G,2.6333333333333333,2.6333333333333333,680.3879999999999,0.005805510973150615,0.005805510973150615,0.5805510973150615,0.5805510973150615,0.006372679443634045,156.91986531645566
3028,Strawberries,3.95,1.5,1.0,"Strawberries, raw",0.0,606.0,"Fatty acids, total saturated",G,2.6333333333333333,2.6333333333333333,680.3879999999999,0.005805510973150615,0.005805510973150615,0.5805510973150615,0.5805510973150615,inf,0.0
3029,Strawberries,3.95,1.5,1.0,"Strawberries, raw",0.0,328.0,Vitamin D (D2 + D3),UG,2.6333333333333333,2.6333333333333333,680.3879999999999,0.005805510973150615,0.005805510973150615,0.5805510973150615,0.5805510973150615,inf,0.0
3030,Strawberries,3.95,1.5,1.0,"Strawberries, raw",0.0,608.0,SFA 6:0,G,2.6333333333333333,2.6333333333333333,680.3879999999999,0.005805510973150615,0.005805510973150615,0.5805510973150615,0.5805510973150615,inf,0.0
3031,Strawberries,3.95,1.5,1.0,"Strawberries, raw",0.0,613.0,SFA 16:0,G,2.6333333333333333,2.6333333333333333,680.3879999999999,0.005805510973150615,0.005805510973150615,0.5805510973150615,0.5805510973150615,inf,0.0
3032,Strawberries,3.95,1.5,1.0,"Strawberries, raw",0.0,319.0,Retinol,UG,2.6333333333333333,2.6333333333333333,680.3879999999999,0.005805510973150615,0.005805510973150615,0.5805510973150615,0.5805510973150615,inf,0.0
3033,Strawberries,3.95,1.5,1.0,"Strawberries, raw",8.0,432.0,"Folate, food",UG,2.6333333333333333,2.6333333333333333,680.3879999999999,0.005805510973150615,0.005805510973150615,0.5805510973150615,0.5805510973150615,0.07256888716438269,13.780010126582276
3034,Strawberries,3.95,1.5,1.0,"Strawberries, raw",12.0,304.0,"Magnesium, Mg",MG,2.6333333333333333,2.6333333333333333,680.3879999999999,0.005805510973150615,0.005805510973150615,0.5805510973150615,0.5805510973150615,0.04837925810958846,20.670015189873414
3035,Strawberries,3.95,1.5,1.0,"Strawberries, raw",0.0,609.0,SFA 8:0,G,2.6333333333333333,2.6333333333333333,680.3879999999999,0.005805510973150615,0.005805510973150615,0.5805510973150615,0.5805510973150615,inf,0.0
3036,Strawberries,3.95,1.5,1.0,"Strawberries, raw",0.386,406.0,Niacin,MG,2.6333333333333333,2.6333333333333333,680.3879999999999,0.005805510973150615,0.005805510973150615,0.5805510973150615,0.5805510973150615,1.5040183868265842,0.6648854886075949
3037,Strawberries,3.95,1.5,1.0,"Strawberries, raw",0.0,601.0,Cholesterol,MG,2.6333333333333333,2.6333333333333333,680.3879999999999,0.005805510973150615,0.005805510973150615,0.5805510973150615,0.5805510973150615,inf,0.0
3038,Strawberries,3.95,1.5,1.0,"Strawberries, raw",0.28,303.0,"Iron, Fe",MG,2.6333333333333333,2.6333333333333333,680.3879999999999,0.005805510973150615,0.005805510973150615,0.5805510973150615,0.5805510973150615,2.0733967761252194,0.4823003544303797
3039,Strawberries,3.95,1.5,1.0,"Strawberries, raw",0.0,431.0,Folic acid,UG,2.6333333333333333,2.6333333333333333,680.3879999999999,0.005805510973150615,0.005805510973150615,0.5805510973150615,0.5805510973150615,inf,0.0
3040,Strawberries,3.95,1.5,1.0,"Strawberries, raw",0.0,221.0,"Alcohol, ethyl",G,2.6333333333333333,2.6333333333333333,680.3879999999999,0.005805510973150615,0.005805510973150615,0.5805510973150615,0.5805510973150615,inf,0.0
3041,Strawberries,3.95,1.5,1.0,"Strawberries, raw",0.0,629.0,PUFA 20:5 n-3 (EPA),G,2.6333333333333333,2.6333333333333333,680.3879999999999,0.005805510973150615,0.005805510973150615,0.5805510973150615,0.5805510973150615,inf,0.0
3042,Strawberries,3.95,1.5,1.0,"Strawberries, raw",0.64,203.0,Protein,G,2.6333333333333333,2.6333333333333333,680.3879999999999,0.005805510973150615,0.005805510973150615,0.5805510973150615,0.5805510973150615,0.9071110895547836,1.102400810126582
3043,Strawberries,3.95,1.5,1.0,"Strawberries, raw",2.1,430.0,Vitamin K (phylloquinone),UG,2.6333333333333333,2.6333333333333333,680.3879999999999,0.005805510973150615,0.005805510973150615,0.5805510973150615,0.5805510973150615,0.2764529034833626,3.617252658227848
3044,Strawberries,3.95,1.5,1.0,"Strawberries, raw",0.0,337.0,Lycopene,UG,2.6333333333333333,2.6333333333333333,680.3879999999999,0.005805510973150615,0.005805510973150615,0.5805510973150615,0.5805510973150615,inf,0.0
3045,Strawberries,3.95,1.5,1.0,"Strawberries, raw",0.035,415.0,Vitamin B-6,MG,2.6333333333333333,2.6333333333333333,680.3879999999999,0.005805510973150615,0.005805510973150615,0.5805510973150615,0.5805510973150615,16.587174209001756,0.060287544303797465
3046,Strawberries,3.95,1.5,1.0,"Strawberries, raw",0.0,626.0,MUFA 16:1,G,2.6333333333333333,2.6333333333333333,680.3879999999999,0.005805510973150615,0.005805510973150615,0.5805510973150615,0.5805510973150615,inf,0.0
3047,Strawberries,3.95,1.5,1.0,"Strawberries, raw",0.0,646.0,"Fatty acids, total polyunsaturated",G,2.6333333333333333,2.6333333333333333,680.3879999999999,0.005805510973150615,0.005805510973150615,0.5805510973150615,0.5805510973150615,inf,0.0
3048,Strawberries,3.95,1.5,1.0,"Strawberries, raw",0.0,645.0,"Fatty acids, total monounsaturated",G,2.6333333333333333,2.6333333333333333,680.3879999999999,0.005805510973150615,0.005805510973150615,0.5805510973150615,0.5805510973150615,inf,0.0
3049,Strawberries,3.95,1.5,1.0,"Strawberries, raw",5.7,421.0,"Choline, total",MG,2.6333333333333333,2.6333333333333333,680.3879999999999,0.005805510973150615,0.005805510973150615,0.5805510973150615,0.5805510973150615,0.10185106970439675,9.818257215189872
3050,Strawberries,3.95,1.5,1.0,"Strawberries, raw",0.0,621.0,PUFA 22:6 n-3 (DHA),G,2.6333333333333333,2.6333333333333333,680.3879999999999,0.005805510973150615,0.005805510973150615,0.5805510973150615,0.5805510973150615,inf,0.0
3051,Strawberries,3.95,1.5,1.0,"Strawberries, raw",0.0,578.0,"Vitamin B-12, added",UG,2.6333333333333333,2.6333333333333333,680.3879999999999,0.005805510973150615,0.005805510973150615,0.5805510973150615,0.5805510973150615,inf,0.0
3052,Strawberries,3.95,1.5,1.0,"Strawberries, raw",0.119,312.0,"Copper, Cu",MG,2.6333333333333333,2.6333333333333333,680.3879999999999,0.005805510973150615,0.005805510973150615,0.5805510973150615,0.5805510973150615,4.878580649706399,0.20497765063291135
3053,Strawberries,3.95,1.5,1.0,"Strawberries, raw",12.0,301.0,"Calcium, Ca",MG,2.6333333333333333,2.6333333333333333,680.3879999999999,0.005805510973150615,0.005805510973150615,0.5805510973150615,0.5805510973150615,0.04837925810958846,20.670015189873414
3054,Strawberries,3.95,1.5,1.0,"Strawberries, raw",0.0,611.0,SFA 12:0,G,2.6333333333333333,2.6333333333333333,680.3879999999999,0.005805510973150615,0.005805510973150615,0.5805510973150615,0.5805510973150615,inf,0.0
3055,Strawberries,3.95,1.5,1.0,"Strawberries, raw",0.025,404.0,Thiamin,MG,2.6333333333333333,2.6333333333333333,680.3879999999999,0.005805510973150615,0.005805510973150615,0.5805510973150615,0.5805510973150615,23.222043892602457,0.04306253164556961
3056,Strawberries,3.95,1.5,1.0,"Strawberries, raw",89.0,306.0,"Potassium, K",MG,2.6333333333333333,2.6333333333333333,680.3879999999999,0.005805510973150615,0.005805510973150615,0.5805510973150615,0.5805510973150615,0.006523046037247882,153.30261265822782
3057,Strawberries,3.95,1.5,1.0,"Strawberries, raw",10.0,307.0,"Sodium, Na",MG,2.6333333333333333,2.6333333333333333,680.3879999999999,0.005805510973150615,0.005805510973150615,0.5805510973150615,0.5805510973150615,0.05805510973150615,17.225012658227847
3058,Strawberries,3.95,1.5,1.0,"Strawberries, raw",0.0,334.0,"Cryptoxanthin, beta",UG,2.6333333333333333,2.6333333333333333,680.3879999999999,0.005805510973150615,0.005805510973150615,0.5805510973150615,0.5805510973150615,inf,0.0
3059,Strawberries,3.95,1.5,1.0,"Strawberries, raw",0.0,418.0,Vitamin B-12,UG,2.6333333333333333,2.6333333333333333,680.3879999999999,0.005805510973150615,0.005805510973150615,0.5805510973150615,0.5805510973150615,inf,0.0
3060,Strawberries,3.95,1.5,1.0,"Strawberries, raw",0.0,618.0,PUFA 18:2,G,2.6333333333333333,2.6333333333333333,680.3879999999999,0.005805510973150615,0.005805510973150615,0.5805510973150615,0.5805510973150615,inf,0.0
3061,Strawberries,3.95,1.5,1.0,"Strawberries, raw",0.0,631.0,PUFA 22:5 n-3 (DPA),G,2.6333333333333333,2.6333333333333333,680.3879999999999,0.005805510973150615,0.005805510973150615,0.5805510973150615,0.5805510973150615,inf,0.0
3062,Strawberries,3.95,1.5,1.0,"Strawberries, raw",8.0,417.0,"Folate, total",UG,2.6333333333333333,2.6333333333333333,680.3879999999999,0.005805510973150615,0.005805510973150615,0.5805510973150615,0.5805510973150615,0.07256888716438269,13.780010126582276
3063,Mango,4.39,1.5,0.9,"Mango, raw",11.0,301.0,"Calcium, Ca",MG,2.9266666666666663,3.2518518518518515,680.3879999999999,0.006452200803071189,0.007169112003412432,0.645220080307119,0.7169112003412432,0.06517374548556756,15.343601822323462
3064,Mango,4.39,1.5,0.9,"Mango, raw",0.0,627.0,PUFA 18:4,G,2.9266666666666663,3.2518518518518515,680.3879999999999,0.006452200803071189,0.007169112003412432,0.645220080307119,0.7169112003412432,inf,0.0
3065,Mango,4.39,1.5,0.9,"Mango, raw",0.0,610.0,SFA 10:0,G,2.9266666666666663,3.2518518518518515,680.3879999999999,0.006452200803071189,0.007169112003412432,0.645220080307119,0.7169112003412432,inf,0.0
3066,Mango,4.39,1.5,0.9,"Mango, raw",9.0,322.0,"Carotene, alpha",UG,2.9266666666666663,3.2518518518518515,680.3879999999999,0.006452200803071189,0.007169112003412432,0.645220080307119,0.7169112003412432,0.07965680003791592,12.553856036446469
3067,Mango,4.39,1.5,0.9,"Mango, raw",54.0,320.0,"Vitamin A, RAE",UG,2.9266666666666663,3.2518518518518515,680.3879999999999,0.006452200803071189,0.007169112003412432,0.645220080307119,0.7169112003412432,0.013276133339652652,75.32313621867881
3068,Mango,4.39,1.5,0.9,"Mango, raw",0.004,614.0,SFA 18:0,G,2.9266666666666663,3.2518518518518515,680.3879999999999,0.006452200803071189,0.007169112003412432,0.645220080307119,0.7169112003412432,179.2278000853108,0.005579491571753986
3069,Mango,4.39,1.5,0.9,"Mango, raw",0.119,415.0,Vitamin B-6,MG,2.9266666666666663,3.2518518518518515,680.3879999999999,0.006452200803071189,0.007169112003412432,0.645220080307119,0.7169112003412432,6.024463868413809,0.1659898742596811
3070,Mango,4.39,1.5,0.9,"Mango, raw",0.14,645.0,"Fatty acids, total monounsaturated",G,2.9266666666666663,3.2518518518518515,680.3879999999999,0.006452200803071189,0.007169112003412432,0.645220080307119,0.7169112003412432,5.120794288151737,0.19528220501138954
3071,Mango,4.39,1.5,0.9,"Mango, raw",0.067,626.0,MUFA 16:1,G,2.9266666666666663,3.2518518518518515,680.3879999999999,0.006452200803071189,0.007169112003412432,0.645220080307119,0.7169112003412432,10.700167169272286,0.09345648382687927
3072,Mango,4.39,1.5,0.9,"Mango, raw",0.0,573.0,"Vitamin E, added",MG,2.9266666666666663,3.2518518518518515,680.3879999999999,0.006452200803071189,0.007169112003412432,0.645220080307119,0.7169112003412432,inf,0.0
3073,Mango,4.39,1.5,0.9,"Mango, raw",0.0,628.0,MUFA 20:1,G,2.9266666666666663,3.2518518518518515,680.3879999999999,0.006452200803071189,0.007169112003412432,0.645220080307119,0.7169112003412432,inf,0.0
3074,Mango,4.39,1.5,0.9,"Mango, raw",0.0,630.0,MUFA 22:1,G,2.9266666666666663,3.2518518518518515,680.3879999999999,0.006452200803071189,0.007169112003412432,0.645220080307119,0.7169112003412432,inf,0.0
3075,Mango,4.39,1.5,0.9,"Mango, raw",0.09,309.0,"Zinc, Zn",MG,2.9266666666666663,3.2518518518518515,680.3879999999999,0.006452200803071189,0.007169112003412432,0.645220080307119,0.7169112003412432,7.965680003791592,0.12553856036446467
3076,Mango,4.39,1.5,0.9,"Mango, raw",0.092,606.0,"Fatty acids, total saturated",G,2.9266666666666663,3.2518518518518515,680.3879999999999,0.006452200803071189,0.007169112003412432,0.645220080307119,0.7169112003412432,7.792513047187427,0.1283283061503417
3077,Mango,4.39,1.5,0.9,"Mango, raw",0.0,418.0,Vitamin B-12,UG,2.9266666666666663,3.2518518518518515,680.3879999999999,0.006452200803071189,0.007169112003412432,0.645220080307119,0.7169112003412432,inf,0.0
3078,Mango,4.39,1.5,0.9,"Mango, raw",0.111,312.0,"Copper, Cu",MG,2.9266666666666663,3.2518518518518515,680.3879999999999,0.006452200803071189,0.007169112003412432,0.645220080307119,0.7169112003412432,6.458659462533722,0.15483089111617312
3079,Mango,4.39,1.5,0.9,"Mango, raw",43.0,417.0,"Folate, total",UG,2.9266666666666663,3.2518518518518515,680.3879999999999,0.006452200803071189,0.007169112003412432,0.645220080307119,0.7169112003412432,0.01667235349630798,59.97953439635535
3080,Mango,4.39,1.5,0.9,"Mango, raw",3.0,337.0,Lycopene,UG,2.9266666666666663,3.2518518518518515,680.3879999999999,0.006452200803071189,0.007169112003412432,0.645220080307119,0.7169112003412432,0.23897040011374773,4.1846186788154895
3081,Mango,4.39,1.5,0.9,"Mango, raw",0.0,262.0,Caffeine,MG,2.9266666666666663,3.2518518518518515,680.3879999999999,0.006452200803071189,0.007169112003412432,0.645220080307119,0.7169112003412432,inf,0.0
3082,Mango,4.39,1.5,0.9,"Mango, raw",10.0,334.0,"Cryptoxanthin, beta",UG,2.9266666666666663,3.2518518518518515,680.3879999999999,0.006452200803071189,0.007169112003412432,0.645220080307119,0.7169112003412432,0.07169112003412433,13.948728929384965
3083,Mango,4.39,1.5,0.9,"Mango, raw",0.0,608.0,SFA 6:0,G,2.9266666666666663,3.2518518518518515,680.3879999999999,0.006452200803071189,0.007169112003412432,0.645220080307119,0.7169112003412432,inf,0.0
3084,Mango,4.39,1.5,0.9,"Mango, raw",0.0,263.0,Theobromine,MG,2.9266666666666663,3.2518518518518515,680.3879999999999,0.006452200803071189,0.007169112003412432,0.645220080307119,0.7169112003412432,inf,0.0
3085,Mango,4.39,1.5,0.9,"Mango, raw",0.071,646.0,"Fatty acids, total polyunsaturated",G,2.9266666666666663,3.2518518518518515,680.3879999999999,0.006452200803071189,0.007169112003412432,0.645220080307119,0.7169112003412432,10.097340849876666,0.09903597539863325
3086,Mango,4.39,1.5,0.9,"Mango, raw",0.0,601.0,Cholesterol,MG,2.9266666666666663,3.2518518518518515,680.3879999999999,0.006452200803071189,0.007169112003412432,0.645220080307119,0.7169112003412432,inf,0.0
3087,Mango,4.39,1.5,0.9,"Mango, raw",13.66,269.0,"Sugars, Total",G,2.9266666666666663,3.2518518518518515,680.3879999999999,0.006452200803071189,0.007169112003412432,0.645220080307119,0.7169112003412432,0.052482518326591746,19.05396371753986
3088,Mango,4.39,1.5,0.9,"Mango, raw",0.0,609.0,SFA 8:0,G,2.9266666666666663,3.2518518518518515,680.3879999999999,0.006452200803071189,0.007169112003412432,0.645220080307119,0.7169112003412432,inf,0.0
3089,Mango,4.39,1.5,0.9,"Mango, raw",0.0,621.0,PUFA 22:6 n-3 (DHA),G,2.9266666666666663,3.2518518518518515,680.3879999999999,0.006452200803071189,0.007169112003412432,0.645220080307119,0.7169112003412432,inf,0.0
3090,Mango,4.39,1.5,0.9,"Mango, raw",0.0,631.0,PUFA 22:5 n-3 (DPA),G,2.9266666666666663,3.2518518518518515,680.3879999999999,0.006452200803071189,0.007169112003412432,0.645220080307119,0.7169112003412432,inf,0.0
3091,Mango,4.39,1.5,0.9,"Mango, raw",0.38,204.0,Total lipid (fat),G,2.9266666666666663,3.2518518518518515,680.3879999999999,0.006452200803071189,0.007169112003412432,0.645220080307119,0.7169112003412432,1.88660842195064,0.5300516993166287
3092,Mango,4.39,1.5,0.9,"Mango, raw",0.075,617.0,MUFA 18:1,G,2.9266666666666663,3.2518518518518515,680.3879999999999,0.006452200803071189,0.007169112003412432,0.645220080307119,0.7169112003412432,9.55881600454991,0.10461546697038723
3093,Mango,4.39,1.5,0.9,"Mango, raw",14.0,305.0,"Phosphorus, P",MG,2.9266666666666663,3.2518518518518515,680.3879999999999,0.006452200803071189,0.007169112003412432,0.645220080307119,0.7169112003412432,0.05120794288151737,19.52822050113895
3094,Mango,4.39,1.5,0.9,"Mango, raw",0.013,612.0,SFA 14:0,G,2.9266666666666663,3.2518518518518515,680.3879999999999,0.006452200803071189,0.007169112003412432,0.645220080307119,0.7169112003412432,55.14701541086487,0.018133347608200453
3095,Mango,4.39,1.5,0.9,"Mango, raw",0.019,618.0,PUFA 18:2,G,2.9266666666666663,3.2518518518518515,680.3879999999999,0.006452200803071189,0.007169112003412432,0.645220080307119,0.7169112003412432,37.7321684390128,0.026502584965831435
3096,Mango,4.39,1.5,0.9,"Mango, raw",0.0,328.0,Vitamin D (D2 + D3),UG,2.9266666666666663,3.2518518518518515,680.3879999999999,0.006452200803071189,0.007169112003412432,0.645220080307119,0.7169112003412432,inf,0.0
3097,Mango,4.39,1.5,0.9,"Mango, raw",4.2,430.0,Vitamin K (phylloquinone),UG,2.9266666666666663,3.2518518518518515,680.3879999999999,0.006452200803071189,0.007169112003412432,0.645220080307119,0.7169112003412432,0.17069314293839125,5.858466150341686
3098,Mango,4.39,1.5,0.9,"Mango, raw",43.0,432.0,"Folate, food",UG,2.9266666666666663,3.2518518518518515,680.3879999999999,0.006452200803071189,0.007169112003412432,0.645220080307119,0.7169112003412432,0.01667235349630798,59.97953439635535
3099,Mango,4.39,1.5,0.9,"Mango, raw",0.072,613.0,SFA 16:0,G,2.9266666666666663,3.2518518518518515,680.3879999999999,0.006452200803071189,0.007169112003412432,0.645220080307119,0.7169112003412432,9.95710000473949,0.10043084829157174
3100,Mango,4.39,1.5,0.9,"Mango, raw",0.0,319.0,Retinol,UG,2.9266666666666663,3.2518518518518515,680.3879999999999,0.006452200803071189,0.007169112003412432,0.645220080307119,0.7169112003412432,inf,0.0
3101,Mango,4.39,1.5,0.9,"Mango, raw",36.4,401.0,"Vitamin C, total ascorbic acid",MG,2.9266666666666663,3.2518518518518515,680.3879999999999,0.006452200803071189,0.007169112003412432,0.645220080307119,0.7169112003412432,0.019695362646737453,50.773373302961275
3102,Mango,4.39,1.5,0.9,"Mango, raw",0.001,611.0,SFA 12:0,G,2.9266666666666663,3.2518518518518515,680.3879999999999,0.006452200803071189,0.007169112003412432,0.645220080307119,0.7169112003412432,716.9112003412432,0.0013948728929384965
3103,Mango,4.39,1.5,0.9,"Mango, raw",0.6,317.0,"Selenium, Se",UG,2.9266666666666663,3.2518518518518515,680.3879999999999,0.006452200803071189,0.007169112003412432,0.645220080307119,0.7169112003412432,1.1948520005687389,0.8369237357630979
3104,Mango,4.39,1.5,0.9,"Mango, raw",0.0,629.0,PUFA 20:5 n-3 (EPA),G,2.9266666666666663,3.2518518518518515,680.3879999999999,0.006452200803071189,0.007169112003412432,0.645220080307119,0.7169112003412432,inf,0.0
3105,Mango,4.39,1.5,0.9,"Mango, raw",0.669,406.0,Niacin,MG,2.9266666666666663,3.2518518518518515,680.3879999999999,0.006452200803071189,0.007169112003412432,0.645220080307119,0.7169112003412432,1.0716161440078373,0.9331699653758543
3106,Mango,4.39,1.5,0.9,"Mango, raw",168.0,306.0,"Potassium, K",MG,2.9266666666666663,3.2518518518518515,680.3879999999999,0.006452200803071189,0.007169112003412432,0.645220080307119,0.7169112003412432,0.004267328573459781,234.33864601366741
3107,Mango,4.39,1.5,0.9,"Mango, raw",0.0,431.0,Folic acid,UG,2.9266666666666663,3.2518518518518515,680.3879999999999,0.006452200803071189,0.007169112003412432,0.645220080307119,0.7169112003412432,inf,0.0
3108,Mango,4.39,1.5,0.9,"Mango, raw",0.028,404.0,Thiamin,MG,2.9266666666666663,3.2518518518518515,680.3879999999999,0.006452200803071189,0.007169112003412432,0.645220080307119,0.7169112003412432,25.603971440758688,0.039056441002277904
3109,Mango,4.39,1.5,0.9,"Mango, raw",83.46,255.0,Water,G,2.9266666666666663,3.2518518518518515,680.3879999999999,0.006452200803071189,0.007169112003412432,0.645220080307119,0.7169112003412432,0.008589877789854341,116.41609164464691
3110,Mango,4.39,1.5,0.9,"Mango, raw",0.9,323.0,Vitamin E (alpha-tocopherol),MG,2.9266666666666663,3.2518518518518515,680.3879999999999,0.006452200803071189,0.007169112003412432,0.645220080307119,0.7169112003412432,0.7965680003791591,1.255385603644647
3111,Mango,4.39,1.5,0.9,"Mango, raw",1.6,291.0,"Fiber, total dietary",G,2.9266666666666663,3.2518518518518515,680.3879999999999,0.006452200803071189,0.007169112003412432,0.645220080307119,0.7169112003412432,0.448069500213277,2.2317966287015945
3112,Mango,4.39,1.5,0.9,"Mango, raw",0.0,578.0,"Vitamin B-12, added",UG,2.9266666666666663,3.2518518518518515,680.3879999999999,0.006452200803071189,0.007169112003412432,0.645220080307119,0.7169112003412432,inf,0.0
3113,Mango,4.39,1.5,0.9,"Mango, raw",640.0,321.0,"Carotene, beta",UG,2.9266666666666663,3.2518518518518515,680.3879999999999,0.006452200803071189,0.007169112003412432,0.645220080307119,0.7169112003412432,0.0011201737505331926,892.7186514806377
3114,Mango,4.39,1.5,0.9,"Mango, raw",1.0,307.0,"Sodium, Na",MG,2.9266666666666663,3.2518518518518515,680.3879999999999,0.006452200803071189,0.007169112003412432,0.645220080307119,0.7169112003412432,0.7169112003412432,1.3948728929384966
3115,Mango,4.39,1.5,0.9,"Mango, raw",0.0,607.0,SFA 4:0,G,2.9266666666666663,3.2518518518518515,680.3879999999999,0.006452200803071189,0.007169112003412432,0.645220080307119,0.7169112003412432,inf,0.0
3116,Mango,4.39,1.5,0.9,"Mango, raw",0.16,303.0,"Iron, Fe",MG,2.9266666666666663,3.2518518518518515,680.3879999999999,0.006452200803071189,0.007169112003412432,0.645220080307119,0.7169112003412432,4.48069500213277,0.22317966287015945
3117,Mango,4.39,1.5,0.9,"Mango, raw",7.6,421.0,"Choline, total",MG,2.9266666666666663,3.2518518518518515,680.3879999999999,0.006452200803071189,0.007169112003412432,0.645220080307119,0.7169112003412432,0.09433042109753201,10.601033986332574
3118,Mango,4.39,1.5,0.9,"Mango, raw",0.038,405.0,Riboflavin,MG,2.9266666666666663,3.2518518518518515,680.3879999999999,0.006452200803071189,0.007169112003412432,0.645220080307119,0.7169112003412432,18.8660842195064,0.05300516993166287
3119,Mango,4.39,1.5,0.9,"Mango, raw",0.051,619.0,PUFA 18:3,G,2.9266666666666663,3.2518518518518515,680.3879999999999,0.006452200803071189,0.007169112003412432,0.645220080307119,0.7169112003412432,14.05708235963222,0.07113851753986332
3120,Mango,4.39,1.5,0.9,"Mango, raw",0.82,203.0,Protein,G,2.9266666666666663,3.2518518518518515,680.3879999999999,0.006452200803071189,0.007169112003412432,0.645220080307119,0.7169112003412432,0.8742819516356625,1.143795772209567
3121,Mango,4.39,1.5,0.9,"Mango, raw",43.0,435.0,"Folate, DFE",UG,2.9266666666666663,3.2518518518518515,680.3879999999999,0.006452200803071189,0.007169112003412432,0.645220080307119,0.7169112003412432,0.01667235349630798,59.97953439635535
3122,Mango,4.39,1.5,0.9,"Mango, raw",60.0,208.0,Energy,KCAL,2.9266666666666663,3.2518518518518515,680.3879999999999,0.006452200803071189,0.007169112003412432,0.645220080307119,0.7169112003412432,0.011948520005687387,83.69237357630979
3123,Mango,4.39,1.5,0.9,"Mango, raw",10.0,304.0,"Magnesium, Mg",MG,2.9266666666666663,3.2518518518518515,680.3879999999999,0.006452200803071189,0.007169112003412432,0.645220080307119,0.7169112003412432,0.07169112003412433,13.948728929384965
3124,Mango,4.39,1.5,0.9,"Mango, raw",0.0,620.0,PUFA 20:4,G,2.9266666666666663,3.2518518518518515,680.3879999999999,0.006452200803071189,0.007169112003412432,0.645220080307119,0.7169112003412432,inf,0.0
3125,Mango,4.39,1.5,0.9,"Mango, raw",14.98,205.0,"Carbohydrate, by difference",G,2.9266666666666663,3.2518518518518515,680.3879999999999,0.006452200803071189,0.007169112003412432,0.645220080307119,0.7169112003412432,0.04785789054347418,20.895195936218677
3126,Mango,4.39,1.5,0.9,"Mango, raw",0.0,221.0,"Alcohol, ethyl",G,2.9266666666666663,3.2518518518518515,680.3879999999999,0.006452200803071189,0.007169112003412432,0.645220080307119,0.7169112003412432,inf,0.0
3127,Mango,4.39,1.5,0.9,"Mango, raw",23.0,338.0,Lutein + zeaxanthin,UG,2.9266666666666663,3.2518518518518515,680.3879999999999,0.006452200803071189,0.007169112003412432,0.645220080307119,0.7169112003412432,0.031170052188749707,32.08207653758542
3128,Pineapple,1.0,1.0,0.75,"Pineapple, raw",0.032,405.0,Riboflavin,MG,1.0,1.3333333333333333,453.592,0.0022046244201837776,0.0029394992269117038,0.22046244201837775,0.2939499226911704,9.185935084099073,0.10886207999999999
3129,Pineapple,1.0,1.0,0.75,"Pineapple, raw",18.0,417.0,"Folate, total",UG,1.0,1.3333333333333333,453.592,0.0022046244201837776,0.0029394992269117038,0.22046244201837775,0.2939499226911704,0.016330551260620576,61.23491999999999
3130,Pineapple,1.0,1.0,0.75,"Pineapple, raw",18.0,435.0,"Folate, DFE",UG,1.0,1.3333333333333333,453.592,0.0022046244201837776,0.0029394992269117038,0.22046244201837775,0.2939499226911704,0.016330551260620576,61.23491999999999
3131,Pineapple,1.0,1.0,0.75,"Pineapple, raw",0.112,415.0,Vitamin B-6,MG,1.0,1.3333333333333333,453.592,0.0022046244201837776,0.0029394992269117038,0.22046244201837775,0.2939499226911704,2.624552881171164,0.38101727999999996
3132,Pineapple,1.0,1.0,0.75,"Pineapple, raw",0.02,323.0,Vitamin E (alpha-tocopherol),MG,1.0,1.3333333333333333,453.592,0.0022046244201837776,0.0029394992269117038,0.22046244201837775,0.2939499226911704,14.697496134558518,0.0680388
3133,Pineapple,1.0,1.0,0.75,"Pineapple, raw",0.0,221.0,"Alcohol, ethyl",G,1.0,1.3333333333333333,453.592,0.0022046244201837776,0.0029394992269117038,0.22046244201837775,0.2939499226911704,inf,0.0
3134,Pineapple,1.0,1.0,0.75,"Pineapple, raw",0.04,646.0,"Fatty acids, total polyunsaturated",G,1.0,1.3333333333333333,453.592,0.0022046244201837776,0.0029394992269117038,0.22046244201837775,0.2939499226911704,7.348748067279259,0.1360776
3135,Pineapple,1.0,1.0,0.75,"Pineapple, raw",0.0,322.0,"Carotene, alpha",UG,1.0,1.3333333333333333,453.592,0.0022046244201837776,0.0029394992269117038,0.22046244201837775,0.2939499226911704,inf,0.0
3136,Pineapple,1.0,1.0,0.75,"Pineapple, raw",0.0,338.0,Lutein + zeaxanthin,UG,1.0,1.3333333333333333,453.592,0.0022046244201837776,0.0029394992269117038,0.22046244201837775,0.2939499226911704,inf,0.0
3137,Pineapple,1.0,1.0,0.75,"Pineapple, raw",0.0,578.0,"Vitamin B-12, added",UG,1.0,1.3333333333333333,453.592,0.0022046244201837776,0.0029394992269117038,0.22046244201837775,0.2939499226911704,inf,0.0
3138,Pineapple,1.0,1.0,0.75,"Pineapple, raw",0.0,611.0,SFA 12:0,G,1.0,1.3333333333333333,453.592,0.0022046244201837776,0.0029394992269117038,0.22046244201837775,0.2939499226911704,inf,0.0
3139,Pineapple,1.0,1.0,0.75,"Pineapple, raw",0.0,431.0,Folic acid,UG,1.0,1.3333333333333333,453.592,0.0022046244201837776,0.0029394992269117038,0.22046244201837775,0.2939499226911704,inf,0.0
3140,Pineapple,1.0,1.0,0.75,"Pineapple, raw",0.0,630.0,MUFA 22:1,G,1.0,1.3333333333333333,453.592,0.0022046244201837776,0.0029394992269117038,0.22046244201837775,0.2939499226911704,inf,0.0
3141,Pineapple,1.0,1.0,0.75,"Pineapple, raw",0.12,204.0,Total lipid (fat),G,1.0,1.3333333333333333,453.592,0.0022046244201837776,0.0029394992269117038,0.22046244201837775,0.2939499226911704,2.4495826890930865,0.40823279999999995
3142,Pineapple,1.0,1.0,0.75,"Pineapple, raw",0.0,573.0,"Vitamin E, added",MG,1.0,1.3333333333333333,453.592,0.0022046244201837776,0.0029394992269117038,0.22046244201837775,0.2939499226911704,inf,0.0
3143,Pineapple,1.0,1.0,0.75,"Pineapple, raw",1.4,291.0,"Fiber, total dietary",G,1.0,1.3333333333333333,453.592,0.0022046244201837776,0.0029394992269117038,0.22046244201837775,0.2939499226911704,0.20996423049369314,4.762715999999999
3144,Pineapple,1.0,1.0,0.75,"Pineapple, raw",0.54,203.0,Protein,G,1.0,1.3333333333333333,453.592,0.0022046244201837776,0.0029394992269117038,0.22046244201837775,0.2939499226911704,0.5443517086873525,1.8370475999999998
3145,Pineapple,1.0,1.0,0.75,"Pineapple, raw",47.8,401.0,"Vitamin C, total ascorbic acid",MG,1.0,1.3333333333333333,453.592,0.0022046244201837776,0.0029394992269117038,0.22046244201837775,0.2939499226911704,0.006149579972618628,162.61273199999997
3146,Pineapple,1.0,1.0,0.75,"Pineapple, raw",0.0,610.0,SFA 10:0,G,1.0,1.3333333333333333,453.592,0.0022046244201837776,0.0029394992269117038,0.22046244201837775,0.2939499226911704,inf,0.0
3147,Pineapple,1.0,1.0,0.75,"Pineapple, raw",86.0,255.0,Water,G,1.0,1.3333333333333333,453.592,0.0022046244201837776,0.0029394992269117038,0.22046244201837775,0.2939499226911704,0.0034180223568740743,292.56683999999996
3148,Pineapple,1.0,1.0,0.75,"Pineapple, raw",0.0,631.0,PUFA 22:5 n-3 (DPA),G,1.0,1.3333333333333333,453.592,0.0022046244201837776,0.0029394992269117038,0.22046244201837775,0.2939499226911704,inf,0.0
3149,Pineapple,1.0,1.0,0.75,"Pineapple, raw",0.7,430.0,Vitamin K (phylloquinone),UG,1.0,1.3333333333333333,453.592,0.0022046244201837776,0.0029394992269117038,0.22046244201837775,0.2939499226911704,0.4199284609873863,2.3813579999999996
3150,Pineapple,1.0,1.0,0.75,"Pineapple, raw",5.5,421.0,"Choline, total",MG,1.0,1.3333333333333333,453.592,0.0022046244201837776,0.0029394992269117038,0.22046244201837775,0.2939499226911704,0.053445440489303706,18.710669999999997
3151,Pineapple,1.0,1.0,0.75,"Pineapple, raw",0.0,328.0,Vitamin D (D2 + D3),UG,1.0,1.3333333333333333,453.592,0.0022046244201837776,0.0029394992269117038,0.22046244201837775,0.2939499226911704,inf,0.0
3152,Pineapple,1.0,1.0,0.75,"Pineapple, raw",0.0,263.0,Theobromine,MG,1.0,1.3333333333333333,453.592,0.0022046244201837776,0.0029394992269117038,0.22046244201837775,0.2939499226911704,inf,0.0
3153,Pineapple,1.0,1.0,0.75,"Pineapple, raw",0.12,309.0,"Zinc, Zn",MG,1.0,1.3333333333333333,453.592,0.0022046244201837776,0.0029394992269117038,0.22046244201837775,0.2939499226911704,2.4495826890930865,0.40823279999999995
3154,Pineapple,1.0,1.0,0.75,"Pineapple, raw",0.001,626.0,MUFA 16:1,G,1.0,1.3333333333333333,453.592,0.0022046244201837776,0.0029394992269117038,0.22046244201837775,0.2939499226911704,293.94992269117034,0.0034019399999999996
3155,Pineapple,1.0,1.0,0.75,"Pineapple, raw",0.0,334.0,"Cryptoxanthin, beta",UG,1.0,1.3333333333333333,453.592,0.0022046244201837776,0.0029394992269117038,0.22046244201837775,0.2939499226911704,inf,0.0
3156,Pineapple,1.0,1.0,0.75,"Pineapple, raw",13.12,205.0,"Carbohydrate, by difference",G,1.0,1.3333333333333333,453.592,0.0022046244201837776,0.0029394992269117038,0.22046244201837775,0.2939499226911704,0.022404719717314815,44.63345279999999
3157,Pineapple,1.0,1.0,0.75,"Pineapple, raw",0.079,404.0,Thiamin,MG,1.0,1.3333333333333333,453.592,0.0022046244201837776,0.0029394992269117038,0.22046244201837775,0.2939499226911704,3.720885097356587,0.26875325999999994
3158,Pineapple,1.0,1.0,0.75,"Pineapple, raw",0.0,607.0,SFA 4:0,G,1.0,1.3333333333333333,453.592,0.0022046244201837776,0.0029394992269117038,0.22046244201837775,0.2939499226911704,inf,0.0
3159,Pineapple,1.0,1.0,0.75,"Pineapple, raw",18.0,432.0,"Folate, food",UG,1.0,1.3333333333333333,453.592,0.0022046244201837776,0.0029394992269117038,0.22046244201837775,0.2939499226911704,0.016330551260620576,61.23491999999999
3160,Pineapple,1.0,1.0,0.75,"Pineapple, raw",0.0,620.0,PUFA 20:4,G,1.0,1.3333333333333333,453.592,0.0022046244201837776,0.0029394992269117038,0.22046244201837775,0.2939499226911704,inf,0.0
3161,Pineapple,1.0,1.0,0.75,"Pineapple, raw",1.0,307.0,"Sodium, Na",MG,1.0,1.3333333333333333,453.592,0.0022046244201837776,0.0029394992269117038,0.22046244201837775,0.2939499226911704,0.2939499226911704,3.4019399999999997
3162,Pineapple,1.0,1.0,0.75,"Pineapple, raw",0.0,621.0,PUFA 22:6 n-3 (DHA),G,1.0,1.3333333333333333,453.592,0.0022046244201837776,0.0029394992269117038,0.22046244201837775,0.2939499226911704,inf,0.0
3163,Pineapple,1.0,1.0,0.75,"Pineapple, raw",0.023,618.0,PUFA 18:2,G,1.0,1.3333333333333333,453.592,0.0022046244201837776,0.0029394992269117038,0.22046244201837775,0.2939499226911704,12.780431421355233,0.07824461999999999
3164,Pineapple,1.0,1.0,0.75,"Pineapple, raw",35.0,321.0,"Carotene, beta",UG,1.0,1.3333333333333333,453.592,0.0022046244201837776,0.0029394992269117038,0.22046244201837775,0.2939499226911704,0.008398569219747725,119.06789999999998
3165,Pineapple,1.0,1.0,0.75,"Pineapple, raw",0.017,619.0,PUFA 18:3,G,1.0,1.3333333333333333,453.592,0.0022046244201837776,0.0029394992269117038,0.22046244201837775,0.2939499226911704,17.291171923010022,0.05783298
3166,Pineapple,1.0,1.0,0.75,"Pineapple, raw",0.29,303.0,"Iron, Fe",MG,1.0,1.3333333333333333,453.592,0.0022046244201837776,0.0029394992269117038,0.22046244201837775,0.2939499226911704,1.0136204230730013,0.9865625999999998
3167,Pineapple,1.0,1.0,0.75,"Pineapple, raw",50.0,208.0,Energy,KCAL,1.0,1.3333333333333333,453.592,0.0022046244201837776,0.0029394992269117038,0.22046244201837775,0.2939499226911704,0.0058789984538234075,170.09699999999998
3168,Pineapple,1.0,1.0,0.75,"Pineapple, raw",0.012,617.0,MUFA 18:1,G,1.0,1.3333333333333333,453.592,0.0022046244201837776,0.0029394992269117038,0.22046244201837775,0.2939499226911704,24.495826890930864,0.040823279999999997
3169,Pineapple,1.0,1.0,0.75,"Pineapple, raw",0.0,601.0,Cholesterol,MG,1.0,1.3333333333333333,453.592,0.0022046244201837776,0.0029394992269117038,0.22046244201837775,0.2939499226911704,inf,0.0
3170,Pineapple,1.0,1.0,0.75,"Pineapple, raw",0.0,337.0,Lycopene,UG,1.0,1.3333333333333333,453.592,0.0022046244201837776,0.0029394992269117038,0.22046244201837775,0.2939499226911704,inf,0.0
3171,Pineapple,1.0,1.0,0.75,"Pineapple, raw",0.0,628.0,MUFA 20:1,G,1.0,1.3333333333333333,453.592,0.0022046244201837776,0.0029394992269117038,0.22046244201837775,0.2939499226911704,inf,0.0
3172,Pineapple,1.0,1.0,0.75,"Pineapple, raw",0.0,612.0,SFA 14:0,G,1.0,1.3333333333333333,453.592,0.0022046244201837776,0.0029394992269117038,0.22046244201837775,0.2939499226911704,inf,0.0
3173,Pineapple,1.0,1.0,0.75,"Pineapple, raw",0.0,609.0,SFA 8:0,G,1.0,1.3333333333333333,453.592,0.0022046244201837776,0.0029394992269117038,0.22046244201837775,0.2939499226911704,inf,0.0
3174,Pineapple,1.0,1.0,0.75,"Pineapple, raw",0.11,312.0,"Copper, Cu",MG,1.0,1.3333333333333333,453.592,0.0022046244201837776,0.0029394992269117038,0.22046244201837775,0.2939499226911704,2.6722720244651854,0.3742134
3175,Pineapple,1.0,1.0,0.75,"Pineapple, raw",13.0,301.0,"Calcium, Ca",MG,1.0,1.3333333333333333,453.592,0.0022046244201837776,0.0029394992269117038,0.22046244201837775,0.2939499226911704,0.022611532514705414,44.22521999999999
3176,Pineapple,1.0,1.0,0.75,"Pineapple, raw",8.0,305.0,"Phosphorus, P",MG,1.0,1.3333333333333333,453.592,0.0022046244201837776,0.0029394992269117038,0.22046244201837775,0.2939499226911704,0.0367437403363963,27.215519999999998
3177,Pineapple,1.0,1.0,0.75,"Pineapple, raw",0.005,613.0,SFA 16:0,G,1.0,1.3333333333333333,453.592,0.0022046244201837776,0.0029394992269117038,0.22046244201837775,0.2939499226911704,58.78998453823407,0.0170097
3178,Pineapple,1.0,1.0,0.75,"Pineapple, raw",0.0,608.0,SFA 6:0,G,1.0,1.3333333333333333,453.592,0.0022046244201837776,0.0029394992269117038,0.22046244201837775,0.2939499226911704,inf,0.0
3179,Pineapple,1.0,1.0,0.75,"Pineapple, raw",0.0,319.0,Retinol,UG,1.0,1.3333333333333333,453.592,0.0022046244201837776,0.0029394992269117038,0.22046244201837775,0.2939499226911704,inf,0.0
3180,Pineapple,1.0,1.0,0.75,"Pineapple, raw",0.0,627.0,PUFA 18:4,G,1.0,1.3333333333333333,453.592,0.0022046244201837776,0.0029394992269117038,0.22046244201837775,0.2939499226911704,inf,0.0
3181,Pineapple,1.0,1.0,0.75,"Pineapple, raw",0.0,418.0,Vitamin B-12,UG,1.0,1.3333333333333333,453.592,0.0022046244201837776,0.0029394992269117038,0.22046244201837775,0.2939499226911704,inf,0.0
3182,Pineapple,1.0,1.0,0.75,"Pineapple, raw",0.013,645.0,"Fatty acids, total monounsaturated",G,1.0,1.3333333333333333,453.592,0.0022046244201837776,0.0029394992269117038,0.22046244201837775,0.2939499226911704,22.611532514705413,0.04422521999999999
3183,Pineapple,1.0,1.0,0.75,"Pineapple, raw",0.009,606.0,"Fatty acids, total saturated",G,1.0,1.3333333333333333,453.592,0.0022046244201837776,0.0029394992269117038,0.22046244201837775,0.2939499226911704,32.661102521241155,0.030617459999999992
3184,Pineapple,1.0,1.0,0.75,"Pineapple, raw",9.85,269.0,"Sugars, Total",G,1.0,1.3333333333333333,453.592,0.0022046244201837776,0.0029394992269117038,0.22046244201837775,0.2939499226911704,0.029842631745296486,33.509108999999995
3185,Pineapple,1.0,1.0,0.75,"Pineapple, raw",0.0,262.0,Caffeine,MG,1.0,1.3333333333333333,453.592,0.0022046244201837776,0.0029394992269117038,0.22046244201837775,0.2939499226911704,inf,0.0
3186,Pineapple,1.0,1.0,0.75,"Pineapple, raw",0.003,614.0,SFA 18:0,G,1.0,1.3333333333333333,453.592,0.0022046244201837776,0.0029394992269117038,0.22046244201837775,0.2939499226911704,97.98330756372346,0.010205819999999999
3187,Pineapple,1.0,1.0,0.75,"Pineapple, raw",0.1,317.0,"Selenium, Se",UG,1.0,1.3333333333333333,453.592,0.0022046244201837776,0.0029394992269117038,0.22046244201837775,0.2939499226911704,2.9394992269117037,0.340194
3188,Pineapple,1.0,1.0,0.75,"Pineapple, raw",0.5,406.0,Niacin,MG,1.0,1.3333333333333333,453.592,0.0022046244201837776,0.0029394992269117038,0.22046244201837775,0.2939499226911704,0.5878998453823407,1.7009699999999999
3189,Pineapple,1.0,1.0,0.75,"Pineapple, raw",0.0,629.0,PUFA 20:5 n-3 (EPA),G,1.0,1.3333333333333333,453.592,0.0022046244201837776,0.0029394992269117038,0.22046244201837775,0.2939499226911704,inf,0.0
3190,Pineapple,1.0,1.0,0.75,"Pineapple, raw",3.0,320.0,"Vitamin A, RAE",UG,1.0,1.3333333333333333,453.592,0.0022046244201837776,0.0029394992269117038,0.22046244201837775,0.2939499226911704,0.09798330756372346,10.20582
3191,Pineapple,1.0,1.0,0.75,"Pineapple, raw",12.0,304.0,"Magnesium, Mg",MG,1.0,1.3333333333333333,453.592,0.0022046244201837776,0.0029394992269117038,0.22046244201837775,0.2939499226911704,0.024495826890930866,40.82328
3192,Pineapple,1.0,1.0,0.75,"Pineapple, raw",109.0,306.0,"Potassium, K",MG,1.0,1.3333333333333333,453.592,0.0022046244201837776,0.0029394992269117038,0.22046244201837775,0.2939499226911704,0.00269678828157037,370.81145999999995
3193,Kiwi,4.39,2.0,1.0,"Kiwi fruit, raw",0.0,610.0,SFA 10:0,G,2.195,2.195,907.184,0.004839150602303392,0.004839150602303392,0.48391506023033914,0.48391506023033914,inf,0.0
3194,Kiwi,4.39,2.0,1.0,"Kiwi fruit, raw",0.027,404.0,Thiamin,MG,2.195,2.195,907.184,0.004839150602303392,0.004839150602303392,0.48391506023033914,0.48391506023033914,17.92278000853108,0.05579491571753986
3195,Kiwi,4.39,2.0,1.0,"Kiwi fruit, raw",0.14,309.0,"Zinc, Zn",MG,2.195,2.195,907.184,0.004839150602303392,0.004839150602303392,0.48391506023033914,0.48391506023033914,3.4565361445024223,0.2893069703872438
3196,Kiwi,4.39,2.0,1.0,"Kiwi fruit, raw",0.061,415.0,Vitamin B-6,MG,2.195,2.195,907.184,0.004839150602303392,0.004839150602303392,0.48391506023033914,0.48391506023033914,7.933033774267855,0.1260551799544419
3197,Kiwi,4.39,2.0,1.0,"Kiwi fruit, raw",0.042,619.0,PUFA 18:3,G,2.195,2.195,907.184,0.004839150602303392,0.004839150602303392,0.48391506023033914,0.48391506023033914,11.521787148341408,0.08679209111617313
3198,Kiwi,4.39,2.0,1.0,"Kiwi fruit, raw",0.0,629.0,PUFA 20:5 n-3 (EPA),G,2.195,2.195,907.184,0.004839150602303392,0.004839150602303392,0.48391506023033914,0.48391506023033914,inf,0.0
3199,Kiwi,4.39,2.0,1.0,"Kiwi fruit, raw",1.06,203.0,Protein,G,2.195,2.195,907.184,0.004839150602303392,0.004839150602303392,0.48391506023033914,0.48391506023033914,0.45652364172673504,2.190467061503417
3200,Kiwi,4.39,2.0,1.0,"Kiwi fruit, raw",0.287,646.0,"Fatty acids, total polyunsaturated",G,2.195,2.195,907.184,0.004839150602303392,0.004839150602303392,0.48391506023033914,0.48391506023033914,1.6861151924402062,0.5930792892938497
3201,Kiwi,4.39,2.0,1.0,"Kiwi fruit, raw",52.0,321.0,"Carotene, beta",UG,2.195,2.195,907.184,0.004839150602303392,0.004839150602303392,0.48391506023033914,0.48391506023033914,0.009306058850583445,107.45687471526196
3202,Kiwi,4.39,2.0,1.0,"Kiwi fruit, raw",0.025,405.0,Riboflavin,MG,2.195,2.195,907.184,0.004839150602303392,0.004839150602303392,0.48391506023033914,0.48391506023033914,19.356602409213565,0.0516619589977221
3203,Kiwi,4.39,2.0,1.0,"Kiwi fruit, raw",0.0,609.0,SFA 8:0,G,2.195,2.195,907.184,0.004839150602303392,0.004839150602303392,0.48391506023033914,0.48391506023033914,inf,0.0
3204,Kiwi,4.39,2.0,1.0,"Kiwi fruit, raw",0.0,262.0,Caffeine,MG,2.195,2.195,907.184,0.004839150602303392,0.004839150602303392,0.48391506023033914,0.48391506023033914,inf,0.0
3205,Kiwi,4.39,2.0,1.0,"Kiwi fruit, raw",0.0,626.0,MUFA 16:1,G,2.195,2.195,907.184,0.004839150602303392,0.004839150602303392,0.48391506023033914,0.48391506023033914,inf,0.0
3206,Kiwi,4.39,2.0,1.0,"Kiwi fruit, raw",34.0,305.0,"Phosphorus, P",MG,2.195,2.195,907.184,0.004839150602303392,0.004839150602303392,0.48391506023033914,0.48391506023033914,0.014232795889127622,70.26026423690205
3207,Kiwi,4.39,2.0,1.0,"Kiwi fruit, raw",0.017,613.0,SFA 16:0,G,2.195,2.195,907.184,0.004839150602303392,0.004839150602303392,0.48391506023033914,0.48391506023033914,28.46559177825524,0.03513013211845103
3208,Kiwi,4.39,2.0,1.0,"Kiwi fruit, raw",0.246,618.0,PUFA 18:2,G,2.195,2.195,907.184,0.004839150602303392,0.004839150602303392,0.48391506023033914,0.48391506023033914,1.9671343911802404,0.5083536765375855
3209,Kiwi,4.39,2.0,1.0,"Kiwi fruit, raw",64.0,208.0,Energy,KCAL,2.195,2.195,907.184,0.004839150602303392,0.004839150602303392,0.48391506023033914,0.48391506023033914,0.007561172816099049,132.25461503416858
3210,Kiwi,4.39,2.0,1.0,"Kiwi fruit, raw",0.0,337.0,Lycopene,UG,2.195,2.195,907.184,0.004839150602303392,0.004839150602303392,0.48391506023033914,0.48391506023033914,inf,0.0
3211,Kiwi,4.39,2.0,1.0,"Kiwi fruit, raw",7.8,421.0,"Choline, total",MG,2.195,2.195,907.184,0.004839150602303392,0.004839150602303392,0.48391506023033914,0.48391506023033914,0.06204039233722297,16.118531207289294
3212,Kiwi,4.39,2.0,1.0,"Kiwi fruit, raw",0.029,606.0,"Fatty acids, total saturated",G,2.195,2.195,907.184,0.004839150602303392,0.004839150602303392,0.48391506023033914,0.48391506023033914,16.68672621483928,0.059927872437357636
3213,Kiwi,4.39,2.0,1.0,"Kiwi fruit, raw",0.0,601.0,Cholesterol,MG,2.195,2.195,907.184,0.004839150602303392,0.004839150602303392,0.48391506023033914,0.48391506023033914,inf,0.0
3214,Kiwi,4.39,2.0,1.0,"Kiwi fruit, raw",26.0,417.0,"Folate, total",UG,2.195,2.195,907.184,0.004839150602303392,0.004839150602303392,0.48391506023033914,0.48391506023033914,0.01861211770116689,53.72843735763098
3215,Kiwi,4.39,2.0,1.0,"Kiwi fruit, raw",0.0,334.0,"Cryptoxanthin, beta",UG,2.195,2.195,907.184,0.004839150602303392,0.004839150602303392,0.48391506023033914,0.48391506023033914,inf,0.0
3216,Kiwi,4.39,2.0,1.0,"Kiwi fruit, raw",26.0,435.0,"Folate, DFE",UG,2.195,2.195,907.184,0.004839150602303392,0.004839150602303392,0.48391506023033914,0.48391506023033914,0.01861211770116689,53.72843735763098
3217,Kiwi,4.39,2.0,1.0,"Kiwi fruit, raw",0.047,645.0,"Fatty acids, total monounsaturated",G,2.195,2.195,907.184,0.004839150602303392,0.004839150602303392,0.48391506023033914,0.48391506023033914,10.296065111283811,0.09712448291571754
3218,Kiwi,4.39,2.0,1.0,"Kiwi fruit, raw",0.0,627.0,PUFA 18:4,G,2.195,2.195,907.184,0.004839150602303392,0.004839150602303392,0.48391506023033914,0.48391506023033914,inf,0.0
3219,Kiwi,4.39,2.0,1.0,"Kiwi fruit, raw",198.0,306.0,"Potassium, K",MG,2.195,2.195,907.184,0.004839150602303392,0.004839150602303392,0.48391506023033914,0.48391506023033914,0.0024440154557087835,409.162715261959
3220,Kiwi,4.39,2.0,1.0,"Kiwi fruit, raw",0.0,621.0,PUFA 22:6 n-3 (DHA),G,2.195,2.195,907.184,0.004839150602303392,0.004839150602303392,0.48391506023033914,0.48391506023033914,inf,0.0
3221,Kiwi,4.39,2.0,1.0,"Kiwi fruit, raw",0.0,611.0,SFA 12:0,G,2.195,2.195,907.184,0.004839150602303392,0.004839150602303392,0.48391506023033914,0.48391506023033914,inf,0.0
3222,Kiwi,4.39,2.0,1.0,"Kiwi fruit, raw",0.0,431.0,Folic acid,UG,2.195,2.195,907.184,0.004839150602303392,0.004839150602303392,0.48391506023033914,0.48391506023033914,inf,0.0
3223,Kiwi,4.39,2.0,1.0,"Kiwi fruit, raw",0.0,620.0,PUFA 20:4,G,2.195,2.195,907.184,0.004839150602303392,0.004839150602303392,0.48391506023033914,0.48391506023033914,inf,0.0
3224,Kiwi,4.39,2.0,1.0,"Kiwi fruit, raw",0.44,204.0,Total lipid (fat),G,2.195,2.195,907.184,0.004839150602303392,0.004839150602303392,0.48391506023033914,0.48391506023033914,1.0998069550689527,0.9092504783599089
3225,Kiwi,4.39,2.0,1.0,"Kiwi fruit, raw",0.0,608.0,SFA 6:0,G,2.195,2.195,907.184,0.004839150602303392,0.004839150602303392,0.48391506023033914,0.48391506023033914,inf,0.0
3226,Kiwi,4.39,2.0,1.0,"Kiwi fruit, raw",0.0,221.0,"Alcohol, ethyl",G,2.195,2.195,907.184,0.004839150602303392,0.004839150602303392,0.48391506023033914,0.48391506023033914,inf,0.0
3227,Kiwi,4.39,2.0,1.0,"Kiwi fruit, raw",0.012,614.0,SFA 18:0,G,2.195,2.195,907.184,0.004839150602303392,0.004839150602303392,0.48391506023033914,0.48391506023033914,40.326255019194925,0.024797740318906608
3228,Kiwi,4.39,2.0,1.0,"Kiwi fruit, raw",1.3,323.0,Vitamin E (alpha-tocopherol),MG,2.195,2.195,907.184,0.004839150602303392,0.004839150602303392,0.48391506023033914,0.48391506023033914,0.3722423540233378,2.686421867881549
3229,Kiwi,4.39,2.0,1.0,"Kiwi fruit, raw",0.0,578.0,"Vitamin B-12, added",UG,2.195,2.195,907.184,0.004839150602303392,0.004839150602303392,0.48391506023033914,0.48391506023033914,inf,0.0
3230,Kiwi,4.39,2.0,1.0,"Kiwi fruit, raw",0.0,418.0,Vitamin B-12,UG,2.195,2.195,907.184,0.004839150602303392,0.004839150602303392,0.48391506023033914,0.48391506023033914,inf,0.0
3231,Kiwi,4.39,2.0,1.0,"Kiwi fruit, raw",0.2,317.0,"Selenium, Se",UG,2.195,2.195,907.184,0.004839150602303392,0.004839150602303392,0.48391506023033914,0.48391506023033914,2.4195753011516956,0.4132956719817768
3232,Kiwi,4.39,2.0,1.0,"Kiwi fruit, raw",4.0,320.0,"Vitamin A, RAE",UG,2.195,2.195,907.184,0.004839150602303392,0.004839150602303392,0.48391506023033914,0.48391506023033914,0.12097876505758479,8.265913439635536
3233,Kiwi,4.39,2.0,1.0,"Kiwi fruit, raw",0.0,630.0,MUFA 22:1,G,2.195,2.195,907.184,0.004839150602303392,0.004839150602303392,0.48391506023033914,0.48391506023033914,inf,0.0
3234,Kiwi,4.39,2.0,1.0,"Kiwi fruit, raw",0.0,607.0,SFA 4:0,G,2.195,2.195,907.184,0.004839150602303392,0.004839150602303392,0.48391506023033914,0.48391506023033914,inf,0.0
3235,Kiwi,4.39,2.0,1.0,"Kiwi fruit, raw",8.99,269.0,"Sugars, Total",G,2.195,2.195,907.184,0.004839150602303392,0.004839150602303392,0.48391506023033914,0.48391506023033914,0.05382814908012671,18.577640455580866
3236,Kiwi,4.39,2.0,1.0,"Kiwi fruit, raw",26.0,432.0,"Folate, food",UG,2.195,2.195,907.184,0.004839150602303392,0.004839150602303392,0.48391506023033914,0.48391506023033914,0.01861211770116689,53.72843735763098
3237,Kiwi,4.39,2.0,1.0,"Kiwi fruit, raw",74.7,401.0,"Vitamin C, total ascorbic acid",MG,2.195,2.195,907.184,0.004839150602303392,0.004839150602303392,0.48391506023033914,0.48391506023033914,0.006478113256095571,154.36593348519364
3238,Kiwi,4.39,2.0,1.0,"Kiwi fruit, raw",16.0,304.0,"Magnesium, Mg",MG,2.195,2.195,907.184,0.004839150602303392,0.004839150602303392,0.48391506023033914,0.48391506023033914,0.030244691264396197,33.063653758542145
3239,Kiwi,4.39,2.0,1.0,"Kiwi fruit, raw",0.0,573.0,"Vitamin E, added",MG,2.195,2.195,907.184,0.004839150602303392,0.004839150602303392,0.48391506023033914,0.48391506023033914,inf,0.0
3240,Kiwi,4.39,2.0,1.0,"Kiwi fruit, raw",0.0,263.0,Theobromine,MG,2.195,2.195,907.184,0.004839150602303392,0.004839150602303392,0.48391506023033914,0.48391506023033914,inf,0.0
3241,Kiwi,4.39,2.0,1.0,"Kiwi fruit, raw",0.0,328.0,Vitamin D (D2 + D3),UG,2.195,2.195,907.184,0.004839150602303392,0.004839150602303392,0.48391506023033914,0.48391506023033914,inf,0.0
3242,Kiwi,4.39,2.0,1.0,"Kiwi fruit, raw",0.0,322.0,"Carotene, alpha",UG,2.195,2.195,907.184,0.004839150602303392,0.004839150602303392,0.48391506023033914,0.48391506023033914,inf,0.0
3243,Kiwi,4.39,2.0,1.0,"Kiwi fruit, raw",0.37,406.0,Niacin,MG,2.195,2.195,907.184,0.004839150602303392,0.004839150602303392,0.48391506023033914,0.48391506023033914,1.307878541163079,0.764596993166287
3244,Kiwi,4.39,2.0,1.0,"Kiwi fruit, raw",83.9,255.0,Water,G,2.195,2.195,907.184,0.004839150602303392,0.004839150602303392,0.48391506023033914,0.48391506023033914,0.005767759955069596,173.37753439635537
3245,Kiwi,4.39,2.0,1.0,"Kiwi fruit, raw",3.0,291.0,"Fiber, total dietary",G,2.195,2.195,907.184,0.004839150602303392,0.004839150602303392,0.48391506023033914,0.48391506023033914,0.16130502007677971,6.199435079726651
3246,Kiwi,4.39,2.0,1.0,"Kiwi fruit, raw",0.0,612.0,SFA 14:0,G,2.195,2.195,907.184,0.004839150602303392,0.004839150602303392,0.48391506023033914,0.48391506023033914,inf,0.0
3247,Kiwi,4.39,2.0,1.0,"Kiwi fruit, raw",35.0,301.0,"Calcium, Ca",MG,2.195,2.195,907.184,0.004839150602303392,0.004839150602303392,0.48391506023033914,0.48391506023033914,0.013826144578009689,72.32674259681093
3248,Kiwi,4.39,2.0,1.0,"Kiwi fruit, raw",0.0,628.0,MUFA 20:1,G,2.195,2.195,907.184,0.004839150602303392,0.004839150602303392,0.48391506023033914,0.48391506023033914,inf,0.0
3249,Kiwi,4.39,2.0,1.0,"Kiwi fruit, raw",0.134,312.0,"Copper, Cu",MG,2.195,2.195,907.184,0.004839150602303392,0.004839150602303392,0.48391506023033914,0.48391506023033914,3.6113064196293965,0.27690810022779044
3250,Kiwi,4.39,2.0,1.0,"Kiwi fruit, raw",122.0,338.0,Lutein + zeaxanthin,UG,2.195,2.195,907.184,0.004839150602303392,0.004839150602303392,0.48391506023033914,0.48391506023033914,0.003966516887133928,252.11035990888382
3251,Kiwi,4.39,2.0,1.0,"Kiwi fruit, raw",0.24,303.0,"Iron, Fe",MG,2.195,2.195,907.184,0.004839150602303392,0.004839150602303392,0.48391506023033914,0.48391506023033914,2.0163127509597465,0.4959548063781321
3252,Kiwi,4.39,2.0,1.0,"Kiwi fruit, raw",40.3,430.0,Vitamin K (phylloquinone),UG,2.195,2.195,907.184,0.004839150602303392,0.004839150602303392,0.48391506023033914,0.48391506023033914,0.012007817871720575,83.27907790432802
3253,Kiwi,4.39,2.0,1.0,"Kiwi fruit, raw",5.0,307.0,"Sodium, Na",MG,2.195,2.195,907.184,0.004839150602303392,0.004839150602303392,0.48391506023033914,0.48391506023033914,0.09678301204606783,10.33239179954442
3254,Kiwi,4.39,2.0,1.0,"Kiwi fruit, raw",0.0,631.0,PUFA 22:5 n-3 (DPA),G,2.195,2.195,907.184,0.004839150602303392,0.004839150602303392,0.48391506023033914,0.48391506023033914,inf,0.0
3255,Kiwi,4.39,2.0,1.0,"Kiwi fruit, raw",0.0,319.0,Retinol,UG,2.195,2.195,907.184,0.004839150602303392,0.004839150602303392,0.48391506023033914,0.48391506023033914,inf,0.0
3256,Kiwi,4.39,2.0,1.0,"Kiwi fruit, raw",0.047,617.0,MUFA 18:1,G,2.195,2.195,907.184,0.004839150602303392,0.004839150602303392,0.48391506023033914,0.48391506023033914,10.296065111283811,0.09712448291571754
3257,Kiwi,4.39,2.0,1.0,"Kiwi fruit, raw",14.0,205.0,"Carbohydrate, by difference",G,2.195,2.195,907.184,0.004839150602303392,0.004839150602303392,0.48391506023033914,0.48391506023033914,0.03456536144502422,28.930697038724375
3258,Raspberries,2.85,0.375,1.0,"Raspberries, raw",21.0,432.0,"Folate, food",UG,7.6000000000000005,7.6000000000000005,170.09699999999998,0.016755145593396713,0.016755145593396713,1.6755145593396712,1.6755145593396712,0.07978640758760339,12.533463157894735
3259,Raspberries,2.85,0.375,1.0,"Raspberries, raw",12.3,421.0,"Choline, total",MG,7.6000000000000005,7.6000000000000005,170.09699999999998,0.016755145593396713,0.016755145593396713,1.6755145593396712,1.6755145593396712,0.13622069588127408,7.341028421052631
3260,Raspberries,2.85,0.375,1.0,"Raspberries, raw",0.0,629.0,PUFA 20:5 n-3 (EPA),G,7.6000000000000005,7.6000000000000005,170.09699999999998,0.016755145593396713,0.016755145593396713,1.6755145593396712,1.6755145593396712,inf,0.0
3261,Raspberries,2.85,0.375,1.0,"Raspberries, raw",0.0,620.0,PUFA 20:4,G,7.6000000000000005,7.6000000000000005,170.09699999999998,0.016755145593396713,0.016755145593396713,1.6755145593396712,1.6755145593396712,inf,0.0
3262,Raspberries,2.85,0.375,1.0,"Raspberries, raw",0.0,612.0,SFA 14:0,G,7.6000000000000005,7.6000000000000005,170.09699999999998,0.016755145593396713,0.016755145593396713,1.6755145593396712,1.6755145593396712,inf,0.0
3263,Raspberries,2.85,0.375,1.0,"Raspberries, raw",0.0,418.0,Vitamin B-12,UG,7.6000000000000005,7.6000000000000005,170.09699999999998,0.016755145593396713,0.016755145593396713,1.6755145593396712,1.6755145593396712,inf,0.0
3264,Raspberries,2.85,0.375,1.0,"Raspberries, raw",0.0,609.0,SFA 8:0,G,7.6000000000000005,7.6000000000000005,170.09699999999998,0.016755145593396713,0.016755145593396713,1.6755145593396712,1.6755145593396712,inf,0.0
3265,Raspberries,2.85,0.375,1.0,"Raspberries, raw",0.0,621.0,PUFA 22:6 n-3 (DHA),G,7.6000000000000005,7.6000000000000005,170.09699999999998,0.016755145593396713,0.016755145593396713,1.6755145593396712,1.6755145593396712,inf,0.0
3266,Raspberries,2.85,0.375,1.0,"Raspberries, raw",21.0,417.0,"Folate, total",UG,7.6000000000000005,7.6000000000000005,170.09699999999998,0.016755145593396713,0.016755145593396713,1.6755145593396712,1.6755145593396712,0.07978640758760339,12.533463157894735
3267,Raspberries,2.85,0.375,1.0,"Raspberries, raw",0.0,611.0,SFA 12:0,G,7.6000000000000005,7.6000000000000005,170.09699999999998,0.016755145593396713,0.016755145593396713,1.6755145593396712,1.6755145593396712,inf,0.0
3268,Raspberries,2.85,0.375,1.0,"Raspberries, raw",0.375,646.0,"Fatty acids, total polyunsaturated",G,7.6000000000000005,7.6000000000000005,170.09699999999998,0.016755145593396713,0.016755145593396713,1.6755145593396712,1.6755145593396712,4.46803882490579,0.22381184210526311
3269,Raspberries,2.85,0.375,1.0,"Raspberries, raw",7.8,430.0,Vitamin K (phylloquinone),UG,7.6000000000000005,7.6000000000000005,170.09699999999998,0.016755145593396713,0.016755145593396713,1.6755145593396712,1.6755145593396712,0.21480955888970144,4.655286315789473
3270,Raspberries,2.85,0.375,1.0,"Raspberries, raw",136.0,338.0,Lutein + zeaxanthin,UG,7.6000000000000005,7.6000000000000005,170.09699999999998,0.016755145593396713,0.016755145593396713,1.6755145593396712,1.6755145593396712,0.01231995999514464,81.16909473684208
3271,Raspberries,2.85,0.375,1.0,"Raspberries, raw",0.0,578.0,"Vitamin B-12, added",UG,7.6000000000000005,7.6000000000000005,170.09699999999998,0.016755145593396713,0.016755145593396713,1.6755145593396712,1.6755145593396712,inf,0.0
3272,Raspberries,2.85,0.375,1.0,"Raspberries, raw",0.0,608.0,SFA 6:0,G,7.6000000000000005,7.6000000000000005,170.09699999999998,0.016755145593396713,0.016755145593396713,1.6755145593396712,1.6755145593396712,inf,0.0
3273,Raspberries,2.85,0.375,1.0,"Raspberries, raw",0.0,334.0,"Cryptoxanthin, beta",UG,7.6000000000000005,7.6000000000000005,170.09699999999998,0.016755145593396713,0.016755145593396713,1.6755145593396712,1.6755145593396712,inf,0.0
3274,Raspberries,2.85,0.375,1.0,"Raspberries, raw",0.0,631.0,PUFA 22:5 n-3 (DPA),G,7.6000000000000005,7.6000000000000005,170.09699999999998,0.016755145593396713,0.016755145593396713,1.6755145593396712,1.6755145593396712,inf,0.0
3275,Raspberries,2.85,0.375,1.0,"Raspberries, raw",0.016,613.0,SFA 16:0,G,7.6000000000000005,7.6000000000000005,170.09699999999998,0.016755145593396713,0.016755145593396713,1.6755145593396712,1.6755145593396712,104.71965995872945,0.009549305263157894
3276,Raspberries,2.85,0.375,1.0,"Raspberries, raw",0.249,618.0,PUFA 18:2,G,7.6000000000000005,7.6000000000000005,170.09699999999998,0.016755145593396713,0.016755145593396713,1.6755145593396712,1.6755145593396712,6.728974133894262,0.1486110631578947
3277,Raspberries,2.85,0.375,1.0,"Raspberries, raw",0.059,617.0,MUFA 18:1,G,7.6000000000000005,7.6000000000000005,170.09699999999998,0.016755145593396713,0.016755145593396713,1.6755145593396712,1.6755145593396712,28.398551853214766,0.03521306315789473
3278,Raspberries,2.85,0.375,1.0,"Raspberries, raw",0.0,337.0,Lycopene,UG,7.6000000000000005,7.6000000000000005,170.09699999999998,0.016755145593396713,0.016755145593396713,1.6755145593396712,1.6755145593396712,inf,0.0
3279,Raspberries,2.85,0.375,1.0,"Raspberries, raw",0.598,406.0,Niacin,MG,7.6000000000000005,7.6000000000000005,170.09699999999998,0.016755145593396713,0.016755145593396713,1.6755145593396712,1.6755145593396712,2.8018638116048016,0.35690528421052625
3280,Raspberries,2.85,0.375,1.0,"Raspberries, raw",0.032,404.0,Thiamin,MG,7.6000000000000005,7.6000000000000005,170.09699999999998,0.016755145593396713,0.016755145593396713,1.6755145593396712,1.6755145593396712,52.359829979364726,0.019098610526315788
3281,Raspberries,2.85,0.375,1.0,"Raspberries, raw",0.0,626.0,MUFA 16:1,G,7.6000000000000005,7.6000000000000005,170.09699999999998,0.016755145593396713,0.016755145593396713,1.6755145593396712,1.6755145593396712,inf,0.0
3282,Raspberries,2.85,0.375,1.0,"Raspberries, raw",26.2,401.0,"Vitamin C, total ascorbic acid",MG,7.6000000000000005,7.6000000000000005,170.09699999999998,0.016755145593396713,0.016755145593396713,1.6755145593396712,1.6755145593396712,0.06395093737937677,15.63698736842105
3283,Raspberries,2.85,0.375,1.0,"Raspberries, raw",0.0,601.0,Cholesterol,MG,7.6000000000000005,7.6000000000000005,170.09699999999998,0.016755145593396713,0.016755145593396713,1.6755145593396712,1.6755145593396712,inf,0.0
3284,Raspberries,2.85,0.375,1.0,"Raspberries, raw",0.126,619.0,PUFA 18:3,G,7.6000000000000005,7.6000000000000005,170.09699999999998,0.016755145593396713,0.016755145593396713,1.6755145593396712,1.6755145593396712,13.297734597933898,0.0752007789473684
3285,Raspberries,2.85,0.375,1.0,"Raspberries, raw",0.0,431.0,Folic acid,UG,7.6000000000000005,7.6000000000000005,170.09699999999998,0.016755145593396713,0.016755145593396713,1.6755145593396712,1.6755145593396712,inf,0.0
3286,Raspberries,2.85,0.375,1.0,"Raspberries, raw",21.0,435.0,"Folate, DFE",UG,7.6000000000000005,7.6000000000000005,170.09699999999998,0.016755145593396713,0.016755145593396713,1.6755145593396712,1.6755145593396712,0.07978640758760339,12.533463157894735
3287,Raspberries,2.85,0.375,1.0,"Raspberries, raw",0.019,606.0,"Fatty acids, total saturated",G,7.6000000000000005,7.6000000000000005,170.09699999999998,0.016755145593396713,0.016755145593396713,1.6755145593396712,1.6755145593396712,88.18497680735112,0.011339799999999997
3288,Raspberries,2.85,0.375,1.0,"Raspberries, raw",0.0,573.0,"Vitamin E, added",MG,7.6000000000000005,7.6000000000000005,170.09699999999998,0.016755145593396713,0.016755145593396713,1.6755145593396712,1.6755145593396712,inf,0.0
3289,Raspberries,2.85,0.375,1.0,"Raspberries, raw",0.064,645.0,"Fatty acids, total monounsaturated",G,7.6000000000000005,7.6000000000000005,170.09699999999998,0.016755145593396713,0.016755145593396713,1.6755145593396712,1.6755145593396712,26.179914989682363,0.038197221052631576
3290,Raspberries,2.85,0.375,1.0,"Raspberries, raw",0.0,607.0,SFA 4:0,G,7.6000000000000005,7.6000000000000005,170.09699999999998,0.016755145593396713,0.016755145593396713,1.6755145593396712,1.6755145593396712,inf,0.0
3291,Raspberries,2.85,0.375,1.0,"Raspberries, raw",0.0,630.0,MUFA 22:1,G,7.6000000000000005,7.6000000000000005,170.09699999999998,0.016755145593396713,0.016755145593396713,1.6755145593396712,1.6755145593396712,inf,0.0
3292,Raspberries,2.85,0.375,1.0,"Raspberries, raw",0.038,405.0,Riboflavin,MG,7.6000000000000005,7.6000000000000005,170.09699999999998,0.016755145593396713,0.016755145593396713,1.6755145593396712,1.6755145593396712,44.09248840367556,0.022679599999999994
3293,Raspberries,2.85,0.375,1.0,"Raspberries, raw",0.005,628.0,MUFA 20:1,G,7.6000000000000005,7.6000000000000005,170.09699999999998,0.016755145593396713,0.016755145593396713,1.6755145593396712,1.6755145593396712,335.1029118679342,0.0029841578947368418
3294,Raspberries,2.85,0.375,1.0,"Raspberries, raw",0.0,610.0,SFA 10:0,G,7.6000000000000005,7.6000000000000005,170.09699999999998,0.016755145593396713,0.016755145593396713,1.6755145593396712,1.6755145593396712,inf,0.0
3295,Raspberries,2.85,0.375,1.0,"Raspberries, raw",0.055,415.0,Vitamin B-6,MG,7.6000000000000005,7.6000000000000005,170.09699999999998,0.016755145593396713,0.016755145593396713,1.6755145593396712,1.6755145593396712,30.463901078903113,0.032825736842105255
3296,Raspberries,2.85,0.375,1.0,"Raspberries, raw",0.0,627.0,PUFA 18:4,G,7.6000000000000005,7.6000000000000005,170.09699999999998,0.016755145593396713,0.016755145593396713,1.6755145593396712,1.6755145593396712,inf,0.0
3297,Raspberries,2.85,0.375,1.0,"Raspberries, raw",0.004,614.0,SFA 18:0,G,7.6000000000000005,7.6000000000000005,170.09699999999998,0.016755145593396713,0.016755145593396713,1.6755145593396712,1.6755145593396712,418.8786398349178,0.0023873263157894735
3298,Raspberries,2.85,0.375,1.0,"Raspberries, raw",151.0,306.0,"Potassium, K",MG,7.6000000000000005,7.6000000000000005,170.09699999999998,0.016755145593396713,0.016755145593396713,1.6755145593396712,1.6755145593396712,0.011096122909534246,90.12156842105261
3299,Raspberries,2.85,0.375,1.0,"Raspberries, raw",29.0,305.0,"Phosphorus, P",MG,7.6000000000000005,7.6000000000000005,170.09699999999998,0.016755145593396713,0.016755145593396713,1.6755145593396712,1.6755145593396712,0.05777636411516108,17.308115789473682
3300,Raspberries,2.85,0.375,1.0,"Raspberries, raw",0.65,204.0,Total lipid (fat),G,7.6000000000000005,7.6000000000000005,170.09699999999998,0.016755145593396713,0.016755145593396713,1.6755145593396712,1.6755145593396712,2.5777147066764172,0.3879405263157894
3301,Raspberries,2.85,0.375,1.0,"Raspberries, raw",0.42,309.0,"Zinc, Zn",MG,7.6000000000000005,7.6000000000000005,170.09699999999998,0.016755145593396713,0.016755145593396713,1.6755145593396712,1.6755145593396712,3.9893203793801697,0.2506692631578947
3302,Raspberries,2.85,0.375,1.0,"Raspberries, raw",4.42,269.0,"Sugars, Total",G,7.6000000000000005,7.6000000000000005,170.09699999999998,0.016755145593396713,0.016755145593396713,1.6755145593396712,1.6755145593396712,0.3790756921582967,2.637995578947368
3303,Raspberries,2.85,0.375,1.0,"Raspberries, raw",25.0,301.0,"Calcium, Ca",MG,7.6000000000000005,7.6000000000000005,170.09699999999998,0.016755145593396713,0.016755145593396713,1.6755145593396712,1.6755145593396712,0.06702058237358685,14.920789473684207
3304,Raspberries,2.85,0.375,1.0,"Raspberries, raw",16.0,322.0,"Carotene, alpha",UG,7.6000000000000005,7.6000000000000005,170.09699999999998,0.016755145593396713,0.016755145593396713,1.6755145593396712,1.6755145593396712,0.10471965995872945,9.549305263157892
3305,Raspberries,2.85,0.375,1.0,"Raspberries, raw",1.2,203.0,Protein,G,7.6000000000000005,7.6000000000000005,170.09699999999998,0.016755145593396713,0.016755145593396713,1.6755145593396712,1.6755145593396712,1.3962621327830593,0.7161978947368419
3306,Raspberries,2.85,0.375,1.0,"Raspberries, raw",2.0,320.0,"Vitamin A, RAE",UG,7.6000000000000005,7.6000000000000005,170.09699999999998,0.016755145593396713,0.016755145593396713,1.6755145593396712,1.6755145593396712,0.8377572796698356,1.1936631578947365
3307,Raspberries,2.85,0.375,1.0,"Raspberries, raw",22.0,304.0,"Magnesium, Mg",MG,7.6000000000000005,7.6000000000000005,170.09699999999998,0.016755145593396713,0.016755145593396713,1.6755145593396712,1.6755145593396712,0.07615975269725778,13.130294736842103
3308,Raspberries,2.85,0.375,1.0,"Raspberries, raw",0.0,221.0,"Alcohol, ethyl",G,7.6000000000000005,7.6000000000000005,170.09699999999998,0.016755145593396713,0.016755145593396713,1.6755145593396712,1.6755145593396712,inf,0.0
3309,Raspberries,2.85,0.375,1.0,"Raspberries, raw",1.0,307.0,"Sodium, Na",MG,7.6000000000000005,7.6000000000000005,170.09699999999998,0.016755145593396713,0.016755145593396713,1.6755145593396712,1.6755145593396712,1.6755145593396712,0.5968315789473683
3310,Raspberries,2.85,0.375,1.0,"Raspberries, raw",0.2,317.0,"Selenium, Se",UG,7.6000000000000005,7.6000000000000005,170.09699999999998,0.016755145593396713,0.016755145593396713,1.6755145593396712,1.6755145593396712,8.377572796698356,0.11936631578947367
3311,Raspberries,2.85,0.375,1.0,"Raspberries, raw",11.94,205.0,"Carbohydrate, by difference",G,7.6000000000000005,7.6000000000000005,170.09699999999998,0.016755145593396713,0.016755145593396713,1.6755145593396712,1.6755145593396712,0.140327852541011,7.126169052631577
3312,Raspberries,2.85,0.375,1.0,"Raspberries, raw",12.0,321.0,"Carotene, beta",UG,7.6000000000000005,7.6000000000000005,170.09699999999998,0.016755145593396713,0.016755145593396713,1.6755145593396712,1.6755145593396712,0.13962621327830593,7.16197894736842
3313,Raspberries,2.85,0.375,1.0,"Raspberries, raw",0.0,328.0,Vitamin D (D2 + D3),UG,7.6000000000000005,7.6000000000000005,170.09699999999998,0.016755145593396713,0.016755145593396713,1.6755145593396712,1.6755145593396712,inf,0.0
3314,Raspberries,2.85,0.375,1.0,"Raspberries, raw",0.0,319.0,Retinol,UG,7.6000000000000005,7.6000000000000005,170.09699999999998,0.016755145593396713,0.016755145593396713,1.6755145593396712,1.6755145593396712,inf,0.0
3315,Raspberries,2.85,0.375,1.0,"Raspberries, raw",6.5,291.0,"Fiber, total dietary",G,7.6000000000000005,7.6000000000000005,170.09699999999998,0.016755145593396713,0.016755145593396713,1.6755145593396712,1.6755145593396712,0.2577714706676417,3.879405263157894
3316,Raspberries,2.85,0.375,1.0,"Raspberries, raw",0.09,312.0,"Copper, Cu",MG,7.6000000000000005,7.6000000000000005,170.09699999999998,0.016755145593396713,0.016755145593396713,1.6755145593396712,1.6755145593396712,18.616828437107458,0.053714842105263144
3317,Raspberries,2.85,0.375,1.0,"Raspberries, raw",52.0,208.0,Energy,KCAL,7.6000000000000005,7.6000000000000005,170.09699999999998,0.016755145593396713,0.016755145593396713,1.6755145593396712,1.6755145593396712,0.032221433833455215,31.03524210526315
3318,Raspberries,2.85,0.375,1.0,"Raspberries, raw",85.75,255.0,Water,G,7.6000000000000005,7.6000000000000005,170.09699999999998,0.016755145593396713,0.016755145593396713,1.6755145593396712,1.6755145593396712,0.01953952838880083,51.17830789473683
3319,Raspberries,2.85,0.375,1.0,"Raspberries, raw",0.69,303.0,"Iron, Fe",MG,7.6000000000000005,7.6000000000000005,170.09699999999998,0.016755145593396713,0.016755145593396713,1.6755145593396712,1.6755145593396712,2.4282819700574945,0.4118137894736841
3320,Raspberries,2.85,0.375,1.0,"Raspberries, raw",0.0,263.0,Theobromine,MG,7.6000000000000005,7.6000000000000005,170.09699999999998,0.016755145593396713,0.016755145593396713,1.6755145593396712,1.6755145593396712,inf,0.0
3321,Raspberries,2.85,0.375,1.0,"Raspberries, raw",0.0,262.0,Caffeine,MG,7.6000000000000005,7.6000000000000005,170.09699999999998,0.016755145593396713,0.016755145593396713,1.6755145593396712,1.6755145593396712,inf,0.0
3322,Raspberries,2.85,0.375,1.0,"Raspberries, raw",0.87,323.0,Vitamin E (alpha-tocopherol),MG,7.6000000000000005,7.6000000000000005,170.09699999999998,0.016755145593396713,0.016755145593396713,1.6755145593396712,1.6755145593396712,1.9258788038387025,0.5192434736842104
3323,Blueberries,3.95,1.5,1.0,"Blueberries, raw",0.0,262.0,Caffeine,MG,2.6333333333333333,2.6333333333333333,680.3879999999999,0.005805510973150615,0.005805510973150615,0.5805510973150615,0.5805510973150615,inf,0.0
3324,Blueberries,3.95,1.5,1.0,"Blueberries, raw",0.0,322.0,"Carotene, alpha",UG,2.6333333333333333,2.6333333333333333,680.3879999999999,0.005805510973150615,0.005805510973150615,0.5805510973150615,0.5805510973150615,inf,0.0
3325,Blueberries,3.95,1.5,1.0,"Blueberries, raw",0.146,646.0,"Fatty acids, total polyunsaturated",G,2.6333333333333333,2.6333333333333333,680.3879999999999,0.005805510973150615,0.005805510973150615,0.5805510973150615,0.5805510973150615,3.9763773788702843,0.25148518481012655
3326,Blueberries,3.95,1.5,1.0,"Blueberries, raw",0.0,628.0,MUFA 20:1,G,2.6333333333333333,2.6333333333333333,680.3879999999999,0.005805510973150615,0.005805510973150615,0.5805510973150615,0.5805510973150615,inf,0.0
3327,Blueberries,3.95,1.5,1.0,"Blueberries, raw",0.058,619.0,PUFA 18:3,G,2.6333333333333333,2.6333333333333333,680.3879999999999,0.005805510973150615,0.005805510973150615,0.5805510973150615,0.5805510973150615,10.009501677845888,0.09990507341772151
3328,Blueberries,3.95,1.5,1.0,"Blueberries, raw",0.0,328.0,Vitamin D (D2 + D3),UG,2.6333333333333333,2.6333333333333333,680.3879999999999,0.005805510973150615,0.005805510973150615,0.5805510973150615,0.5805510973150615,inf,0.0
3329,Blueberries,3.95,1.5,1.0,"Blueberries, raw",0.418,406.0,Niacin,MG,2.6333333333333333,2.6333333333333333,680.3879999999999,0.005805510973150615,0.005805510973150615,0.5805510973150615,0.5805510973150615,1.388878223241774,0.7200055291139239
3330,Blueberries,3.95,1.5,1.0,"Blueberries, raw",9.7,401.0,"Vitamin C, total ascorbic acid",MG,2.6333333333333333,2.6333333333333333,680.3879999999999,0.005805510973150615,0.005805510973150615,0.5805510973150615,0.5805510973150615,0.0598506285891816,16.70826227848101
3331,Blueberries,3.95,1.5,1.0,"Blueberries, raw",19.3,430.0,Vitamin K (phylloquinone),UG,2.6333333333333333,2.6333333333333333,680.3879999999999,0.005805510973150615,0.005805510973150615,0.5805510973150615,0.5805510973150615,0.030080367736531683,33.24427443037974
3332,Blueberries,3.95,1.5,1.0,"Blueberries, raw",0.028,606.0,"Fatty acids, total saturated",G,2.6333333333333333,2.6333333333333333,680.3879999999999,0.005805510973150615,0.005805510973150615,0.5805510973150615,0.5805510973150615,20.733967761252195,0.04823003544303797
3333,Blueberries,3.95,1.5,1.0,"Blueberries, raw",0.037,404.0,Thiamin,MG,2.6333333333333333,2.6333333333333333,680.3879999999999,0.005805510973150615,0.005805510973150615,0.5805510973150615,0.5805510973150615,15.690570197704366,0.06373254683544302
3334,Blueberries,3.95,1.5,1.0,"Blueberries, raw",0.74,203.0,Protein,G,2.6333333333333333,2.6333333333333333,680.3879999999999,0.005805510973150615,0.005805510973150615,0.5805510973150615,0.5805510973150615,0.7845285098852183,1.2746509367088605
3335,Blueberries,3.95,1.5,1.0,"Blueberries, raw",6.0,432.0,"Folate, food",UG,2.6333333333333333,2.6333333333333333,680.3879999999999,0.005805510973150615,0.005805510973150615,0.5805510973150615,0.5805510973150615,0.09675851621917692,10.335007594936707
3336,Blueberries,3.95,1.5,1.0,"Blueberries, raw",3.0,320.0,"Vitamin A, RAE",UG,2.6333333333333333,2.6333333333333333,680.3879999999999,0.005805510973150615,0.005805510973150615,0.5805510973150615,0.5805510973150615,0.19351703243835383,5.1675037974683535
3337,Blueberries,3.95,1.5,1.0,"Blueberries, raw",0.0,334.0,"Cryptoxanthin, beta",UG,2.6333333333333333,2.6333333333333333,680.3879999999999,0.005805510973150615,0.005805510973150615,0.5805510973150615,0.5805510973150615,inf,0.0
3338,Blueberries,3.95,1.5,1.0,"Blueberries, raw",0.33,204.0,Total lipid (fat),G,2.6333333333333333,2.6333333333333333,680.3879999999999,0.005805510973150615,0.005805510973150615,0.5805510973150615,0.5805510973150615,1.7592457494395801,0.5684254177215189
3339,Blueberries,3.95,1.5,1.0,"Blueberries, raw",0.0,337.0,Lycopene,UG,2.6333333333333333,2.6333333333333333,680.3879999999999,0.005805510973150615,0.005805510973150615,0.5805510973150615,0.5805510973150615,inf,0.0
3340,Blueberries,3.95,1.5,1.0,"Blueberries, raw",9.96,269.0,"Sugars, Total",G,2.6333333333333333,2.6333333333333333,680.3879999999999,0.005805510973150615,0.005805510973150615,0.5805510973150615,0.5805510973150615,0.05828826278263669,17.156112607594935
3341,Blueberries,3.95,1.5,1.0,"Blueberries, raw",0.088,618.0,PUFA 18:2,G,2.6333333333333333,2.6333333333333333,680.3879999999999,0.005805510973150615,0.005805510973150615,0.5805510973150615,0.5805510973150615,6.597171560398427,0.15158011139240504
3342,Blueberries,3.95,1.5,1.0,"Blueberries, raw",32.0,321.0,"Carotene, beta",UG,2.6333333333333333,2.6333333333333333,680.3879999999999,0.005805510973150615,0.005805510973150615,0.5805510973150615,0.5805510973150615,0.01814222179109567,55.120040506329104
3343,Blueberries,3.95,1.5,1.0,"Blueberries, raw",0.0,609.0,SFA 8:0,G,2.6333333333333333,2.6333333333333333,680.3879999999999,0.005805510973150615,0.005805510973150615,0.5805510973150615,0.5805510973150615,inf,0.0
3344,Blueberries,3.95,1.5,1.0,"Blueberries, raw",80.0,338.0,Lutein + zeaxanthin,UG,2.6333333333333333,2.6333333333333333,680.3879999999999,0.005805510973150615,0.005805510973150615,0.5805510973150615,0.5805510973150615,0.0072568887164382685,137.80010126582278
3345,Blueberries,3.95,1.5,1.0,"Blueberries, raw",6.0,304.0,"Magnesium, Mg",MG,2.6333333333333333,2.6333333333333333,680.3879999999999,0.005805510973150615,0.005805510973150615,0.5805510973150615,0.5805510973150615,0.09675851621917692,10.335007594936707
3346,Blueberries,3.95,1.5,1.0,"Blueberries, raw",0.002,626.0,MUFA 16:1,G,2.6333333333333333,2.6333333333333333,680.3879999999999,0.005805510973150615,0.005805510973150615,0.5805510973150615,0.5805510973150615,290.27554865753075,0.003445002531645569
3347,Blueberries,3.95,1.5,1.0,"Blueberries, raw",0.0,608.0,SFA 6:0,G,2.6333333333333333,2.6333333333333333,680.3879999999999,0.005805510973150615,0.005805510973150615,0.5805510973150615,0.5805510973150615,inf,0.0
3348,Blueberries,3.95,1.5,1.0,"Blueberries, raw",0.0,627.0,PUFA 18:4,G,2.6333333333333333,2.6333333333333333,680.3879999999999,0.005805510973150615,0.005805510973150615,0.5805510973150615,0.5805510973150615,inf,0.0
3349,Blueberries,3.95,1.5,1.0,"Blueberries, raw",0.0,610.0,SFA 10:0,G,2.6333333333333333,2.6333333333333333,680.3879999999999,0.005805510973150615,0.005805510973150615,0.5805510973150615,0.5805510973150615,inf,0.0
3350,Blueberries,3.95,1.5,1.0,"Blueberries, raw",14.49,205.0,"Carbohydrate, by difference",G,2.6333333333333333,2.6333333333333333,680.3879999999999,0.005805510973150615,0.005805510973150615,0.5805510973150615,0.5805510973150615,0.04006563818599458,24.959043341772148
3351,Blueberries,3.95,1.5,1.0,"Blueberries, raw",0.047,617.0,MUFA 18:1,G,2.6333333333333333,2.6333333333333333,680.3879999999999,0.005805510973150615,0.005805510973150615,0.5805510973150615,0.5805510973150615,12.352151006703435,0.08095755949367088
3352,Blueberries,3.95,1.5,1.0,"Blueberries, raw",6.0,421.0,"Choline, total",MG,2.6333333333333333,2.6333333333333333,680.3879999999999,0.005805510973150615,0.005805510973150615,0.5805510973150615,0.5805510973150615,0.09675851621917692,10.335007594936707
3353,Blueberries,3.95,1.5,1.0,"Blueberries, raw",0.005,614.0,SFA 18:0,G,2.6333333333333333,2.6333333333333333,680.3879999999999,0.005805510973150615,0.005805510973150615,0.5805510973150615,0.5805510973150615,116.1102194630123,0.008612506329113923
3354,Blueberries,3.95,1.5,1.0,"Blueberries, raw",0.0,263.0,Theobromine,MG,2.6333333333333333,2.6333333333333333,680.3879999999999,0.005805510973150615,0.005805510973150615,0.5805510973150615,0.5805510973150615,inf,0.0
3355,Blueberries,3.95,1.5,1.0,"Blueberries, raw",0.1,317.0,"Selenium, Se",UG,2.6333333333333333,2.6333333333333333,680.3879999999999,0.005805510973150615,0.005805510973150615,0.5805510973150615,0.5805510973150615,5.805510973150614,0.17225012658227845
3356,Blueberries,3.95,1.5,1.0,"Blueberries, raw",0.057,312.0,"Copper, Cu",MG,2.6333333333333333,2.6333333333333333,680.3879999999999,0.005805510973150615,0.005805510973150615,0.5805510973150615,0.5805510973150615,10.185106970439675,0.09818257215189873
3357,Blueberries,3.95,1.5,1.0,"Blueberries, raw",1.0,307.0,"Sodium, Na",MG,2.6333333333333333,2.6333333333333333,680.3879999999999,0.005805510973150615,0.005805510973150615,0.5805510973150615,0.5805510973150615,0.5805510973150615,1.7225012658227845
3358,Blueberries,3.95,1.5,1.0,"Blueberries, raw",0.0,611.0,SFA 12:0,G,2.6333333333333333,2.6333333333333333,680.3879999999999,0.005805510973150615,0.005805510973150615,0.5805510973150615,0.5805510973150615,inf,0.0
3359,Blueberries,3.95,1.5,1.0,"Blueberries, raw",0.0,630.0,MUFA 22:1,G,2.6333333333333333,2.6333333333333333,680.3879999999999,0.005805510973150615,0.005805510973150615,0.5805510973150615,0.5805510973150615,inf,0.0
3360,Blueberries,3.95,1.5,1.0,"Blueberries, raw",0.0,612.0,SFA 14:0,G,2.6333333333333333,2.6333333333333333,680.3879999999999,0.005805510973150615,0.005805510973150615,0.5805510973150615,0.5805510973150615,inf,0.0
3361,Blueberries,3.95,1.5,1.0,"Blueberries, raw",0.57,323.0,Vitamin E (alpha-tocopherol),MG,2.6333333333333333,2.6333333333333333,680.3879999999999,0.005805510973150615,0.005805510973150615,0.5805510973150615,0.5805510973150615,1.0185106970439677,0.9818257215189871
3362,Blueberries,3.95,1.5,1.0,"Blueberries, raw",0.0,418.0,Vitamin B-12,UG,2.6333333333333333,2.6333333333333333,680.3879999999999,0.005805510973150615,0.005805510973150615,0.5805510973150615,0.5805510973150615,inf,0.0
3363,Blueberries,3.95,1.5,1.0,"Blueberries, raw",0.0,607.0,SFA 4:0,G,2.6333333333333333,2.6333333333333333,680.3879999999999,0.005805510973150615,0.005805510973150615,0.5805510973150615,0.5805510973150615,inf,0.0
3364,Blueberries,3.95,1.5,1.0,"Blueberries, raw",0.0,629.0,PUFA 20:5 n-3 (EPA),G,2.6333333333333333,2.6333333333333333,680.3879999999999,0.005805510973150615,0.005805510973150615,0.5805510973150615,0.5805510973150615,inf,0.0
3365,Blueberries,3.95,1.5,1.0,"Blueberries, raw",0.0,221.0,"Alcohol, ethyl",G,2.6333333333333333,2.6333333333333333,680.3879999999999,0.005805510973150615,0.005805510973150615,0.5805510973150615,0.5805510973150615,inf,0.0
3366,Blueberries,3.95,1.5,1.0,"Blueberries, raw",0.017,613.0,SFA 16:0,G,2.6333333333333333,2.6333333333333333,680.3879999999999,0.005805510973150615,0.005805510973150615,0.5805510973150615,0.5805510973150615,34.150064547944794,0.029282521518987338
3367,Blueberries,3.95,1.5,1.0,"Blueberries, raw",12.0,305.0,"Phosphorus, P",MG,2.6333333333333333,2.6333333333333333,680.3879999999999,0.005805510973150615,0.005805510973150615,0.5805510973150615,0.5805510973150615,0.04837925810958846,20.670015189873414
3368,Blueberries,3.95,1.5,1.0,"Blueberries, raw",0.0,601.0,Cholesterol,MG,2.6333333333333333,2.6333333333333333,680.3879999999999,0.005805510973150615,0.005805510973150615,0.5805510973150615,0.5805510973150615,inf,0.0
3369,Blueberries,3.95,1.5,1.0,"Blueberries, raw",0.0,620.0,PUFA 20:4,G,2.6333333333333333,2.6333333333333333,680.3879999999999,0.005805510973150615,0.005805510973150615,0.5805510973150615,0.5805510973150615,inf,0.0
3370,Blueberries,3.95,1.5,1.0,"Blueberries, raw",0.0,578.0,"Vitamin B-12, added",UG,2.6333333333333333,2.6333333333333333,680.3879999999999,0.005805510973150615,0.005805510973150615,0.5805510973150615,0.5805510973150615,inf,0.0
3371,Blueberries,3.95,1.5,1.0,"Blueberries, raw",0.0,431.0,Folic acid,UG,2.6333333333333333,2.6333333333333333,680.3879999999999,0.005805510973150615,0.005805510973150615,0.5805510973150615,0.5805510973150615,inf,0.0
3372,Blueberries,3.95,1.5,1.0,"Blueberries, raw",6.0,417.0,"Folate, total",UG,2.6333333333333333,2.6333333333333333,680.3879999999999,0.005805510973150615,0.005805510973150615,0.5805510973150615,0.5805510973150615,0.09675851621917692,10.335007594936707
3373,Blueberries,3.95,1.5,1.0,"Blueberries, raw",0.052,415.0,Vitamin B-6,MG,2.6333333333333333,2.6333333333333333,680.3879999999999,0.005805510973150615,0.005805510973150615,0.5805510973150615,0.5805510973150615,11.1644441791358,0.08957006582278479
3374,Blueberries,3.95,1.5,1.0,"Blueberries, raw",6.0,301.0,"Calcium, Ca",MG,2.6333333333333333,2.6333333333333333,680.3879999999999,0.005805510973150615,0.005805510973150615,0.5805510973150615,0.5805510973150615,0.09675851621917692,10.335007594936707
3375,Blueberries,3.95,1.5,1.0,"Blueberries, raw",6.0,435.0,"Folate, DFE",UG,2.6333333333333333,2.6333333333333333,680.3879999999999,0.005805510973150615,0.005805510973150615,0.5805510973150615,0.5805510973150615,0.09675851621917692,10.335007594936707
3376,Blueberries,3.95,1.5,1.0,"Blueberries, raw",84.21,255.0,Water,G,2.6333333333333333,2.6333333333333333,680.3879999999999,0.005805510973150615,0.005805510973150615,0.5805510973150615,0.5805510973150615,0.00689408736866241,145.0518315949367
3377,Blueberries,3.95,1.5,1.0,"Blueberries, raw",0.28,303.0,"Iron, Fe",MG,2.6333333333333333,2.6333333333333333,680.3879999999999,0.005805510973150615,0.005805510973150615,0.5805510973150615,0.5805510973150615,2.0733967761252194,0.4823003544303797
3378,Blueberries,3.95,1.5,1.0,"Blueberries, raw",0.047,645.0,"Fatty acids, total monounsaturated",G,2.6333333333333333,2.6333333333333333,680.3879999999999,0.005805510973150615,0.005805510973150615,0.5805510973150615,0.5805510973150615,12.352151006703435,0.08095755949367088
3379,Blueberries,3.95,1.5,1.0,"Blueberries, raw",2.4,291.0,"Fiber, total dietary",G,2.6333333333333333,2.6333333333333333,680.3879999999999,0.005805510973150615,0.005805510973150615,0.5805510973150615,0.5805510973150615,0.2418962905479423,4.134003037974683
3380,Blueberries,3.95,1.5,1.0,"Blueberries, raw",0.0,631.0,PUFA 22:5 n-3 (DPA),G,2.6333333333333333,2.6333333333333333,680.3879999999999,0.005805510973150615,0.005805510973150615,0.5805510973150615,0.5805510973150615,inf,0.0
3381,Blueberries,3.95,1.5,1.0,"Blueberries, raw",77.0,306.0,"Potassium, K",MG,2.6333333333333333,2.6333333333333333,680.3879999999999,0.005805510973150615,0.005805510973150615,0.5805510973150615,0.5805510973150615,0.007539624640455344,132.63259746835442
3382,Blueberries,3.95,1.5,1.0,"Blueberries, raw",0.16,309.0,"Zinc, Zn",MG,2.6333333333333333,2.6333333333333333,680.3879999999999,0.005805510973150615,0.005805510973150615,0.5805510973150615,0.5805510973150615,3.6284443582191344,0.2756002025316455
3383,Blueberries,3.95,1.5,1.0,"Blueberries, raw",0.0,621.0,PUFA 22:6 n-3 (DHA),G,2.6333333333333333,2.6333333333333333,680.3879999999999,0.005805510973150615,0.005805510973150615,0.5805510973150615,0.5805510973150615,inf,0.0
3384,Blueberries,3.95,1.5,1.0,"Blueberries, raw",57.0,208.0,Energy,KCAL,2.6333333333333333,2.6333333333333333,680.3879999999999,0.005805510973150615,0.005805510973150615,0.5805510973150615,0.5805510973150615,0.010185106970439676,98.18257215189873
3385,Blueberries,3.95,1.5,1.0,"Blueberries, raw",0.0,573.0,"Vitamin E, added",MG,2.6333333333333333,2.6333333333333333,680.3879999999999,0.005805510973150615,0.005805510973150615,0.5805510973150615,0.5805510973150615,inf,0.0
3386,Blueberries,3.95,1.5,1.0,"Blueberries, raw",0.041,405.0,Riboflavin,MG,2.6333333333333333,2.6333333333333333,680.3879999999999,0.005805510973150615,0.005805510973150615,0.5805510973150615,0.5805510973150615,14.159782861342963,0.07062255189873418
3387,Blueberries,3.95,1.5,1.0,"Blueberries, raw",0.0,319.0,Retinol,UG,2.6333333333333333,2.6333333333333333,680.3879999999999,0.005805510973150615,0.005805510973150615,0.5805510973150615,0.5805510973150615,inf,0.0
3388,Cherries,4.0,1.0,0.9,"Cherries, raw",12.82,269.0,"Sugars, Total",G,4.0,4.444444444444445,453.592,0.00881849768073511,0.009798330756372344,0.881849768073511,0.9798330756372344,0.07643003710118833,13.083861240000001
3389,Cherries,4.0,1.0,0.9,"Cherries, raw",0.052,646.0,"Fatty acids, total polyunsaturated",G,4.0,4.444444444444445,453.592,0.00881849768073511,0.009798330756372344,0.881849768073511,0.9798330756372344,18.84294376225451,0.053070264
3390,Cherries,4.0,1.0,0.9,"Cherries, raw",0.0,631.0,PUFA 22:5 n-3 (DPA),G,4.0,4.444444444444445,453.592,0.00881849768073511,0.009798330756372344,0.881849768073511,0.9798330756372344,inf,0.0
3391,Cherries,4.0,1.0,0.9,"Cherries, raw",222.0,306.0,"Potassium, K",MG,4.0,4.444444444444445,453.592,0.00881849768073511,0.009798330756372344,0.881849768073511,0.9798330756372344,0.0044136625028704255,226.569204
3392,Cherries,4.0,1.0,0.9,"Cherries, raw",2.1,291.0,"Fiber, total dietary",G,4.0,4.444444444444445,453.592,0.00881849768073511,0.009798330756372344,0.881849768073511,0.9798330756372344,0.4665871788748735,2.1432222000000003
3393,Cherries,4.0,1.0,0.9,"Cherries, raw",0.0,262.0,Caffeine,MG,4.0,4.444444444444445,453.592,0.00881849768073511,0.009798330756372344,0.881849768073511,0.9798330756372344,inf,0.0
3394,Cherries,4.0,1.0,0.9,"Cherries, raw",0.0,322.0,"Carotene, alpha",UG,4.0,4.444444444444445,453.592,0.00881849768073511,0.009798330756372344,0.881849768073511,0.9798330756372344,inf,0.0
3395,Cherries,4.0,1.0,0.9,"Cherries, raw",0.07,323.0,Vitamin E (alpha-tocopherol),MG,4.0,4.444444444444445,453.592,0.00881849768073511,0.009798330756372344,0.881849768073511,0.9798330756372344,13.997615366246205,0.07144074
3396,Cherries,4.0,1.0,0.9,"Cherries, raw",0.0,337.0,Lycopene,UG,4.0,4.444444444444445,453.592,0.00881849768073511,0.009798330756372344,0.881849768073511,0.9798330756372344,inf,0.0
3397,Cherries,4.0,1.0,0.9,"Cherries, raw",13.0,301.0,"Calcium, Ca",MG,4.0,4.444444444444445,453.592,0.00881849768073511,0.009798330756372344,0.881849768073511,0.9798330756372344,0.07537177504901803,13.267566
3398,Cherries,4.0,1.0,0.9,"Cherries, raw",0.0,221.0,"Alcohol, ethyl",G,4.0,4.444444444444445,453.592,0.00881849768073511,0.009798330756372344,0.881849768073511,0.9798330756372344,inf,0.0
3399,Cherries,4.0,1.0,0.9,"Cherries, raw",0.0,629.0,PUFA 20:5 n-3 (EPA),G,4.0,4.444444444444445,453.592,0.00881849768073511,0.009798330756372344,0.881849768073511,0.9798330756372344,inf,0.0
3400,Cherries,4.0,1.0,0.9,"Cherries, raw",7.0,401.0,"Vitamin C, total ascorbic acid",MG,4.0,4.444444444444445,453.592,0.00881849768073511,0.009798330756372344,0.881849768073511,0.9798330756372344,0.13997615366246205,7.144074
3401,Cherries,4.0,1.0,0.9,"Cherries, raw",0.2,204.0,Total lipid (fat),G,4.0,4.444444444444445,453.592,0.00881849768073511,0.009798330756372344,0.881849768073511,0.9798330756372344,4.899165378186172,0.2041164
3402,Cherries,4.0,1.0,0.9,"Cherries, raw",11.0,304.0,"Magnesium, Mg",MG,4.0,4.444444444444445,453.592,0.00881849768073511,0.009798330756372344,0.881849768073511,0.9798330756372344,0.0890757341488395,11.226402
3403,Cherries,4.0,1.0,0.9,"Cherries, raw",85.0,338.0,Lutein + zeaxanthin,UG,4.0,4.444444444444445,453.592,0.00881849768073511,0.009798330756372344,0.881849768073511,0.9798330756372344,0.011527447948673346,86.74947
3404,Cherries,4.0,1.0,0.9,"Cherries, raw",0.0,418.0,Vitamin B-12,UG,4.0,4.444444444444445,453.592,0.00881849768073511,0.009798330756372344,0.881849768073511,0.9798330756372344,inf,0.0
3405,Cherries,4.0,1.0,0.9,"Cherries, raw",0.0,578.0,"Vitamin B-12, added",UG,4.0,4.444444444444445,453.592,0.00881849768073511,0.009798330756372344,0.881849768073511,0.9798330756372344,inf,0.0
3406,Cherries,4.0,1.0,0.9,"Cherries, raw",0.049,415.0,Vitamin B-6,MG,4.0,4.444444444444445,453.592,0.00881849768073511,0.009798330756372344,0.881849768073511,0.9798330756372344,19.996593380351722,0.050008518
3407,Cherries,4.0,1.0,0.9,"Cherries, raw",0.0,608.0,SFA 6:0,G,4.0,4.444444444444445,453.592,0.00881849768073511,0.009798330756372344,0.881849768073511,0.9798330756372344,inf,0.0
3408,Cherries,4.0,1.0,0.9,"Cherries, raw",38.0,321.0,"Carotene, beta",UG,4.0,4.444444444444445,453.592,0.00881849768073511,0.009798330756372344,0.881849768073511,0.9798330756372344,0.025785080937821957,38.782116
3409,Cherries,4.0,1.0,0.9,"Cherries, raw",4.0,432.0,"Folate, food",UG,4.0,4.444444444444445,453.592,0.00881849768073511,0.009798330756372344,0.881849768073511,0.9798330756372344,0.2449582689093086,4.082328
3410,Cherries,4.0,1.0,0.9,"Cherries, raw",0.0,307.0,"Sodium, Na",MG,4.0,4.444444444444445,453.592,0.00881849768073511,0.009798330756372344,0.881849768073511,0.9798330756372344,inf,0.0
3411,Cherries,4.0,1.0,0.9,"Cherries, raw",0.033,405.0,Riboflavin,MG,4.0,4.444444444444445,453.592,0.00881849768073511,0.009798330756372344,0.881849768073511,0.9798330756372344,29.691911382946497,0.033679206
3412,Cherries,4.0,1.0,0.9,"Cherries, raw",0.0,607.0,SFA 4:0,G,4.0,4.444444444444445,453.592,0.00881849768073511,0.009798330756372344,0.881849768073511,0.9798330756372344,inf,0.0
3413,Cherries,4.0,1.0,0.9,"Cherries, raw",0.0,431.0,Folic acid,UG,4.0,4.444444444444445,453.592,0.00881849768073511,0.009798330756372344,0.881849768073511,0.9798330756372344,inf,0.0
3414,Cherries,4.0,1.0,0.9,"Cherries, raw",0.0,628.0,MUFA 20:1,G,4.0,4.444444444444445,453.592,0.00881849768073511,0.009798330756372344,0.881849768073511,0.9798330756372344,inf,0.0
3415,Cherries,4.0,1.0,0.9,"Cherries, raw",0.027,404.0,Thiamin,MG,4.0,4.444444444444445,453.592,0.00881849768073511,0.009798330756372344,0.881849768073511,0.9798330756372344,36.29011391249016,0.027555714
3416,Cherries,4.0,1.0,0.9,"Cherries, raw",0.009,614.0,SFA 18:0,G,4.0,4.444444444444445,453.592,0.00881849768073511,0.009798330756372344,0.881849768073511,0.9798330756372344,108.8703417374705,0.009185238
3417,Cherries,4.0,1.0,0.9,"Cherries, raw",0.0,328.0,Vitamin D (D2 + D3),UG,4.0,4.444444444444445,453.592,0.00881849768073511,0.009798330756372344,0.881849768073511,0.9798330756372344,inf,0.0
3418,Cherries,4.0,1.0,0.9,"Cherries, raw",0.038,606.0,"Fatty acids, total saturated",G,4.0,4.444444444444445,453.592,0.00881849768073511,0.009798330756372344,0.881849768073511,0.9798330756372344,25.78508093782196,0.038782116
3419,Cherries,4.0,1.0,0.9,"Cherries, raw",0.0,610.0,SFA 10:0,G,4.0,4.444444444444445,453.592,0.00881849768073511,0.009798330756372344,0.881849768073511,0.9798330756372344,inf,0.0
3420,Cherries,4.0,1.0,0.9,"Cherries, raw",4.0,435.0,"Folate, DFE",UG,4.0,4.444444444444445,453.592,0.00881849768073511,0.009798330756372344,0.881849768073511,0.9798330756372344,0.2449582689093086,4.082328
3421,Cherries,4.0,1.0,0.9,"Cherries, raw",0.0,621.0,PUFA 22:6 n-3 (DHA),G,4.0,4.444444444444445,453.592,0.00881849768073511,0.009798330756372344,0.881849768073511,0.9798330756372344,inf,0.0
3422,Cherries,4.0,1.0,0.9,"Cherries, raw",0.0,620.0,PUFA 20:4,G,4.0,4.444444444444445,453.592,0.00881849768073511,0.009798330756372344,0.881849768073511,0.9798330756372344,inf,0.0
3423,Cherries,4.0,1.0,0.9,"Cherries, raw",0.0,627.0,PUFA 18:4,G,4.0,4.444444444444445,453.592,0.00881849768073511,0.009798330756372344,0.881849768073511,0.9798330756372344,inf,0.0
3424,Cherries,4.0,1.0,0.9,"Cherries, raw",0.0,630.0,MUFA 22:1,G,4.0,4.444444444444445,453.592,0.00881849768073511,0.009798330756372344,0.881849768073511,0.9798330756372344,inf,0.0
3425,Cherries,4.0,1.0,0.9,"Cherries, raw",0.154,406.0,Niacin,MG,4.0,4.444444444444445,453.592,0.00881849768073511,0.009798330756372344,0.881849768073511,0.9798330756372344,6.362552439202821,0.157169628
3426,Cherries,4.0,1.0,0.9,"Cherries, raw",0.0,573.0,"Vitamin E, added",MG,4.0,4.444444444444445,453.592,0.00881849768073511,0.009798330756372344,0.881849768073511,0.9798330756372344,inf,0.0
3427,Cherries,4.0,1.0,0.9,"Cherries, raw",0.027,613.0,SFA 16:0,G,4.0,4.444444444444445,453.592,0.00881849768073511,0.009798330756372344,0.881849768073511,0.9798330756372344,36.29011391249016,0.027555714
3428,Cherries,4.0,1.0,0.9,"Cherries, raw",4.0,417.0,"Folate, total",UG,4.0,4.444444444444445,453.592,0.00881849768073511,0.009798330756372344,0.881849768073511,0.9798330756372344,0.2449582689093086,4.082328
3429,Cherries,4.0,1.0,0.9,"Cherries, raw",0.0,319.0,Retinol,UG,4.0,4.444444444444445,453.592,0.00881849768073511,0.009798330756372344,0.881849768073511,0.9798330756372344,inf,0.0
3430,Cherries,4.0,1.0,0.9,"Cherries, raw",0.0,601.0,Cholesterol,MG,4.0,4.444444444444445,453.592,0.00881849768073511,0.009798330756372344,0.881849768073511,0.9798330756372344,inf,0.0
3431,Cherries,4.0,1.0,0.9,"Cherries, raw",0.0,317.0,"Selenium, Se",UG,4.0,4.444444444444445,453.592,0.00881849768073511,0.009798330756372344,0.881849768073511,0.9798330756372344,inf,0.0
3432,Cherries,4.0,1.0,0.9,"Cherries, raw",2.1,430.0,Vitamin K (phylloquinone),UG,4.0,4.444444444444445,453.592,0.00881849768073511,0.009798330756372344,0.881849768073511,0.9798330756372344,0.4665871788748735,2.1432222000000003
3433,Cherries,4.0,1.0,0.9,"Cherries, raw",0.026,619.0,PUFA 18:3,G,4.0,4.444444444444445,453.592,0.00881849768073511,0.009798330756372344,0.881849768073511,0.9798330756372344,37.68588752450902,0.026535132
3434,Cherries,4.0,1.0,0.9,"Cherries, raw",0.0,334.0,"Cryptoxanthin, beta",UG,4.0,4.444444444444445,453.592,0.00881849768073511,0.009798330756372344,0.881849768073511,0.9798330756372344,inf,0.0
3435,Cherries,4.0,1.0,0.9,"Cherries, raw",0.0,609.0,SFA 8:0,G,4.0,4.444444444444445,453.592,0.00881849768073511,0.009798330756372344,0.881849768073511,0.9798330756372344,inf,0.0
3436,Cherries,4.0,1.0,0.9,"Cherries, raw",0.047,617.0,MUFA 18:1,G,4.0,4.444444444444445,453.592,0.00881849768073511,0.009798330756372344,0.881849768073511,0.9798330756372344,20.847512247600733,0.047967354000000004
3437,Cherries,4.0,1.0,0.9,"Cherries, raw",0.001,612.0,SFA 14:0,G,4.0,4.444444444444445,453.592,0.00881849768073511,0.009798330756372344,0.881849768073511,0.9798330756372344,979.8330756372344,0.0010205820000000001
3438,Cherries,4.0,1.0,0.9,"Cherries, raw",0.0,263.0,Theobromine,MG,4.0,4.444444444444445,453.592,0.00881849768073511,0.009798330756372344,0.881849768073511,0.9798330756372344,inf,0.0
3439,Cherries,4.0,1.0,0.9,"Cherries, raw",0.07,309.0,"Zinc, Zn",MG,4.0,4.444444444444445,453.592,0.00881849768073511,0.009798330756372344,0.881849768073511,0.9798330756372344,13.997615366246205,0.07144074
3440,Cherries,4.0,1.0,0.9,"Cherries, raw",3.0,320.0,"Vitamin A, RAE",UG,4.0,4.444444444444445,453.592,0.00881849768073511,0.009798330756372344,0.881849768073511,0.9798330756372344,0.3266110252124115,3.061746
3441,Cherries,4.0,1.0,0.9,"Cherries, raw",1.06,203.0,Protein,G,4.0,4.444444444444445,453.592,0.00881849768073511,0.009798330756372344,0.881849768073511,0.9798330756372344,0.9243708260728626,1.08181692
3442,Cherries,4.0,1.0,0.9,"Cherries, raw",21.0,305.0,"Phosphorus, P",MG,4.0,4.444444444444445,453.592,0.00881849768073511,0.009798330756372344,0.881849768073511,0.9798330756372344,0.04665871788748736,21.432222
3443,Cherries,4.0,1.0,0.9,"Cherries, raw",0.047,645.0,"Fatty acids, total monounsaturated",G,4.0,4.444444444444445,453.592,0.00881849768073511,0.009798330756372344,0.881849768073511,0.9798330756372344,20.847512247600733,0.047967354000000004
3444,Cherries,4.0,1.0,0.9,"Cherries, raw",0.36,303.0,"Iron, Fe",MG,4.0,4.444444444444445,453.592,0.00881849768073511,0.009798330756372344,0.881849768073511,0.9798330756372344,2.7217585434367626,0.36740952
3445,Cherries,4.0,1.0,0.9,"Cherries, raw",82.25,255.0,Water,G,4.0,4.444444444444445,453.592,0.00881849768073511,0.009798330756372344,0.881849768073511,0.9798330756372344,0.011912864141486132,83.9428695
3446,Cherries,4.0,1.0,0.9,"Cherries, raw",0.027,618.0,PUFA 18:2,G,4.0,4.444444444444445,453.592,0.00881849768073511,0.009798330756372344,0.881849768073511,0.9798330756372344,36.29011391249016,0.027555714
3447,Cherries,4.0,1.0,0.9,"Cherries, raw",63.0,208.0,Energy,KCAL,4.0,4.444444444444445,453.592,0.00881849768073511,0.009798330756372344,0.881849768073511,0.9798330756372344,0.015552905962495785,64.296666
3448,Cherries,4.0,1.0,0.9,"Cherries, raw",0.0,611.0,SFA 12:0,G,4.0,4.444444444444445,453.592,0.00881849768073511,0.009798330756372344,0.881849768073511,0.9798330756372344,inf,0.0
3449,Cherries,4.0,1.0,0.9,"Cherries, raw",0.001,626.0,MUFA 16:1,G,4.0,4.444444444444445,453.592,0.00881849768073511,0.009798330756372344,0.881849768073511,0.9798330756372344,979.8330756372344,0.0010205820000000001
3450,Cherries,4.0,1.0,0.9,"Cherries, raw",0.06,312.0,"Copper, Cu",MG,4.0,4.444444444444445,453.592,0.00881849768073511,0.009798330756372344,0.881849768073511,0.9798330756372344,16.330551260620574,0.06123492
3451,Cherries,4.0,1.0,0.9,"Cherries, raw",6.1,421.0,"Choline, total",MG,4.0,4.444444444444445,453.592,0.00881849768073511,0.009798330756372344,0.881849768073511,0.9798330756372344,0.16062837305528435,6.2255502
3452,Cherries,4.0,1.0,0.9,"Cherries, raw",16.01,205.0,"Carbohydrate, by difference",G,4.0,4.444444444444445,453.592,0.00881849768073511,0.009798330756372344,0.881849768073511,0.9798330756372344,0.06120131640457429,16.33951782
3453,Almonds,4.0,1.0,1.0,"Almonds, NFS",0.0,334.0,"Cryptoxanthin, beta",UG,4.0,4.0,453.592,0.00881849768073511,0.00881849768073511,0.881849768073511,0.881849768073511,inf,0.0
3454,Almonds,4.0,1.0,1.0,"Almonds, NFS",0.0,610.0,SFA 10:0,G,4.0,4.0,453.592,0.00881849768073511,0.00881849768073511,0.881849768073511,0.881849768073511,inf,0.0
3455,Almonds,4.0,1.0,1.0,"Almonds, NFS",0.0,320.0,"Vitamin A, RAE",UG,4.0,4.0,453.592,0.00881849768073511,0.00881849768073511,0.881849768073511,0.881849768073511,inf,0.0
3456,Almonds,4.0,1.0,1.0,"Almonds, NFS",3.0,307.0,"Sodium, Na",MG,4.0,4.0,453.592,0.00881849768073511,0.00881849768073511,0.881849768073511,0.881849768073511,0.2939499226911703,3.4019399999999997
3457,Almonds,4.0,1.0,1.0,"Almonds, NFS",0.0,337.0,Lycopene,UG,4.0,4.0,453.592,0.00881849768073511,0.00881849768073511,0.881849768073511,0.881849768073511,inf,0.0
3458,Almonds,4.0,1.0,1.0,"Almonds, NFS",0.0,601.0,Cholesterol,MG,4.0,4.0,453.592,0.00881849768073511,0.00881849768073511,0.881849768073511,0.881849768073511,inf,0.0
3459,Almonds,4.0,1.0,1.0,"Almonds, NFS",55.0,435.0,"Folate, DFE",UG,4.0,4.0,453.592,0.00881849768073511,0.00881849768073511,0.881849768073511,0.881849768073511,0.01603363214679111,62.3689
3460,Almonds,4.0,1.0,1.0,"Almonds, NFS",52.54,204.0,Total lipid (fat),G,4.0,4.0,453.592,0.00881849768073511,0.00881849768073511,0.881849768073511,0.881849768073511,0.016784350363028378,59.5793092
3461,Almonds,4.0,1.0,1.0,"Almonds, NFS",10.9,291.0,"Fiber, total dietary",G,4.0,4.0,453.592,0.00881849768073511,0.00881849768073511,0.881849768073511,0.881849768073511,0.08090364844711109,12.360382
3462,Almonds,4.0,1.0,1.0,"Almonds, NFS",1.197,405.0,Riboflavin,MG,4.0,4.0,453.592,0.00881849768073511,0.00881849768073511,0.881849768073511,0.881849768073511,0.7367165982234846,1.3573740600000002
3463,Almonds,4.0,1.0,1.0,"Almonds, NFS",0.0,221.0,"Alcohol, ethyl",G,4.0,4.0,453.592,0.00881849768073511,0.00881849768073511,0.881849768073511,0.881849768073511,inf,0.0
3464,Almonds,4.0,1.0,1.0,"Almonds, NFS",0.007,628.0,MUFA 20:1,G,4.0,4.0,453.592,0.00881849768073511,0.00881849768073511,0.881849768073511,0.881849768073511,125.97853829621586,0.00793786
3465,Almonds,4.0,1.0,1.0,"Almonds, NFS",279.0,304.0,"Magnesium, Mg",MG,4.0,4.0,453.592,0.00881849768073511,0.00881849768073511,0.881849768073511,0.881849768073511,0.0031607518568943045,316.38042
3466,Almonds,4.0,1.0,1.0,"Almonds, NFS",0.0,262.0,Caffeine,MG,4.0,4.0,453.592,0.00881849768073511,0.00881849768073511,0.881849768073511,0.881849768073511,inf,0.0
3467,Almonds,4.0,1.0,1.0,"Almonds, NFS",3.637,406.0,Niacin,MG,4.0,4.0,453.592,0.00881849768073511,0.00881849768073511,0.881849768073511,0.881849768073511,0.24246625462565605,4.12428526
3468,Almonds,4.0,1.0,1.0,"Almonds, NFS",0.0,263.0,Theobromine,MG,4.0,4.0,453.592,0.00881849768073511,0.00881849768073511,0.881849768073511,0.881849768073511,inf,0.0
3469,Almonds,4.0,1.0,1.0,"Almonds, NFS",0.01,619.0,PUFA 18:3,G,4.0,4.0,453.592,0.00881849768073511,0.00881849768073511,0.881849768073511,0.881849768073511,88.1849768073511,0.0113398
3470,Almonds,4.0,1.0,1.0,"Almonds, NFS",0.0,430.0,Vitamin K (phylloquinone),UG,4.0,4.0,453.592,0.00881849768073511,0.00881849768073511,0.881849768073511,0.881849768073511,inf,0.0
3471,Almonds,4.0,1.0,1.0,"Almonds, NFS",0.0,401.0,"Vitamin C, total ascorbic acid",MG,4.0,4.0,453.592,0.00881849768073511,0.00881849768073511,0.881849768073511,0.881849768073511,inf,0.0
3472,Almonds,4.0,1.0,1.0,"Almonds, NFS",0.0,629.0,PUFA 20:5 n-3 (EPA),G,4.0,4.0,453.592,0.00881849768073511,0.00881849768073511,0.881849768073511,0.881849768073511,inf,0.0
3473,Almonds,4.0,1.0,1.0,"Almonds, NFS",3.348,613.0,SFA 16:0,G,4.0,4.0,453.592,0.00881849768073511,0.00881849768073511,0.881849768073511,0.881849768073511,0.2633959880745254,3.79656504
3474,Almonds,4.0,1.0,1.0,"Almonds, NFS",32.754,617.0,MUFA 18:1,G,4.0,4.0,453.592,0.00881849768073511,0.00881849768073511,0.881849768073511,0.881849768073511,0.02692342211862707,37.142380919999994
3475,Almonds,4.0,1.0,1.0,"Almonds, NFS",1.0,338.0,Lutein + zeaxanthin,UG,4.0,4.0,453.592,0.00881849768073511,0.00881849768073511,0.881849768073511,0.881849768073511,0.881849768073511,1.13398
3476,Almonds,4.0,1.0,1.0,"Almonds, NFS",20.96,203.0,Protein,G,4.0,4.0,453.592,0.00881849768073511,0.00881849768073511,0.881849768073511,0.881849768073511,0.04207298511801102,23.7682208
3477,Almonds,4.0,1.0,1.0,"Almonds, NFS",1.099,312.0,"Copper, Cu",MG,4.0,4.0,453.592,0.00881849768073511,0.00881849768073511,0.881849768073511,0.881849768073511,0.8024110719504195,1.24624402
3478,Almonds,4.0,1.0,1.0,"Almonds, NFS",0.0,418.0,Vitamin B-12,UG,4.0,4.0,453.592,0.00881849768073511,0.00881849768073511,0.881849768073511,0.881849768073511,inf,0.0
3479,Almonds,4.0,1.0,1.0,"Almonds, NFS",0.0,608.0,SFA 6:0,G,4.0,4.0,453.592,0.00881849768073511,0.00881849768073511,0.881849768073511,0.881849768073511,inf,0.0
3480,Almonds,4.0,1.0,1.0,"Almonds, NFS",0.0,631.0,PUFA 22:5 n-3 (DPA),G,4.0,4.0,453.592,0.00881849768073511,0.00881849768073511,0.881849768073511,0.881849768073511,inf,0.0
3481,Almonds,4.0,1.0,1.0,"Almonds, NFS",713.0,306.0,"Potassium, K",MG,4.0,4.0,453.592,0.00881849768073511,0.00881849768073511,0.881849768073511,0.881849768073511,0.0012368159440021191,808.52774
3482,Almonds,4.0,1.0,1.0,"Almonds, NFS",21.01,205.0,"Carbohydrate, by difference",G,4.0,4.0,453.592,0.00881849768073511,0.00881849768073511,0.881849768073511,0.881849768073511,0.04197285902301337,23.8249198
3483,Almonds,4.0,1.0,1.0,"Almonds, NFS",0.0,328.0,Vitamin D (D2 + D3),UG,4.0,4.0,453.592,0.00881849768073511,0.00881849768073511,0.881849768073511,0.881849768073511,inf,0.0
3484,Almonds,4.0,1.0,1.0,"Almonds, NFS",1.0,321.0,"Carotene, beta",UG,4.0,4.0,453.592,0.00881849768073511,0.00881849768073511,0.881849768073511,0.881849768073511,0.881849768073511,1.13398
3485,Almonds,4.0,1.0,1.0,"Almonds, NFS",268.0,301.0,"Calcium, Ca",MG,4.0,4.0,453.592,0.00881849768073511,0.00881849768073511,0.881849768073511,0.881849768073511,0.003290484209229519,303.90664
3486,Almonds,4.0,1.0,1.0,"Almonds, NFS",0.0,607.0,SFA 4:0,G,4.0,4.0,453.592,0.00881849768073511,0.00881849768073511,0.881849768073511,0.881849768073511,inf,0.0
3487,Almonds,4.0,1.0,1.0,"Almonds, NFS",0.0,611.0,SFA 12:0,G,4.0,4.0,453.592,0.00881849768073511,0.00881849768073511,0.881849768073511,0.881849768073511,inf,0.0
3488,Almonds,4.0,1.0,1.0,"Almonds, NFS",23.9,323.0,Vitamin E (alpha-tocopherol),MG,4.0,4.0,453.592,0.00881849768073511,0.00881849768073511,0.881849768073511,0.881849768073511,0.03689747983571176,27.102121999999998
3489,Almonds,4.0,1.0,1.0,"Almonds, NFS",4.092,606.0,"Fatty acids, total saturated",G,4.0,4.0,453.592,0.00881849768073511,0.00881849768073511,0.881849768073511,0.881849768073511,0.2155058084246117,4.640246159999999
3490,Almonds,4.0,1.0,1.0,"Almonds, NFS",0.136,415.0,Vitamin B-6,MG,4.0,4.0,453.592,0.00881849768073511,0.00881849768073511,0.881849768073511,0.881849768073511,6.484189471128757,0.15422128000000002
3491,Almonds,4.0,1.0,1.0,"Almonds, NFS",0.0,431.0,Folic acid,UG,4.0,4.0,453.592,0.00881849768073511,0.00881849768073511,0.881849768073511,0.881849768073511,inf,0.0
3492,Almonds,4.0,1.0,1.0,"Almonds, NFS",3.31,309.0,"Zinc, Zn",MG,4.0,4.0,453.592,0.00881849768073511,0.00881849768073511,0.881849768073511,0.881849768073511,0.26641986950861357,3.7534738
3493,Almonds,4.0,1.0,1.0,"Almonds, NFS",0.0,578.0,"Vitamin B-12, added",UG,4.0,4.0,453.592,0.00881849768073511,0.00881849768073511,0.881849768073511,0.881849768073511,inf,0.0
3494,Almonds,4.0,1.0,1.0,"Almonds, NFS",0.077,404.0,Thiamin,MG,4.0,4.0,453.592,0.00881849768073511,0.00881849768073511,0.881849768073511,0.881849768073511,11.452594390565078,0.08731646
3495,Almonds,4.0,1.0,1.0,"Almonds, NFS",2.0,317.0,"Selenium, Se",UG,4.0,4.0,453.592,0.00881849768073511,0.00881849768073511,0.881849768073511,0.881849768073511,0.4409248840367555,2.26796
3496,Almonds,4.0,1.0,1.0,"Almonds, NFS",55.0,432.0,"Folate, food",UG,4.0,4.0,453.592,0.00881849768073511,0.00881849768073511,0.881849768073511,0.881849768073511,0.01603363214679111,62.3689
3497,Almonds,4.0,1.0,1.0,"Almonds, NFS",0.259,626.0,MUFA 16:1,G,4.0,4.0,453.592,0.00881849768073511,0.00881849768073511,0.881849768073511,0.881849768073511,3.404825359357185,0.29370082000000003
3498,Almonds,4.0,1.0,1.0,"Almonds, NFS",0.019,612.0,SFA 14:0,G,4.0,4.0,453.592,0.00881849768073511,0.00881849768073511,0.881849768073511,0.881849768073511,46.41314568807953,0.021545619999999998
3499,Almonds,4.0,1.0,1.0,"Almonds, NFS",471.0,305.0,"Phosphorus, P",MG,4.0,4.0,453.592,0.00881849768073511,0.00881849768073511,0.881849768073511,0.881849768073511,0.0018722925012176455,534.1045799999999
3500,Almonds,4.0,1.0,1.0,"Almonds, NFS",0.0,630.0,MUFA 22:1,G,4.0,4.0,453.592,0.00881849768073511,0.00881849768073511,0.881849768073511,0.881849768073511,inf,0.0
3501,Almonds,4.0,1.0,1.0,"Almonds, NFS",0.704,614.0,SFA 18:0,G,4.0,4.0,453.592,0.00881849768073511,0.00881849768073511,0.881849768073511,0.881849768073511,1.2526275114680554,0.7983219199999999
3502,Almonds,4.0,1.0,1.0,"Almonds, NFS",0.0,322.0,"Carotene, alpha",UG,4.0,4.0,453.592,0.00881849768073511,0.00881849768073511,0.881849768073511,0.881849768073511,inf,0.0
3503,Almonds,4.0,1.0,1.0,"Almonds, NFS",0.0,573.0,"Vitamin E, added",MG,4.0,4.0,453.592,0.00881849768073511,0.00881849768073511,0.881849768073511,0.881849768073511,inf,0.0
3504,Almonds,4.0,1.0,1.0,"Almonds, NFS",2.41,255.0,Water,G,4.0,4.0,453.592,0.00881849768073511,0.00881849768073511,0.881849768073511,0.881849768073511,0.36591276683548174,2.7328918
3505,Almonds,4.0,1.0,1.0,"Almonds, NFS",52.1,421.0,"Choline, total",MG,4.0,4.0,453.592,0.00881849768073511,0.00881849768073511,0.881849768073511,0.881849768073511,0.016926099195268926,59.080358000000004
3506,Almonds,4.0,1.0,1.0,"Almonds, NFS",0.0,627.0,PUFA 18:4,G,4.0,4.0,453.592,0.00881849768073511,0.00881849768073511,0.881849768073511,0.881849768073511,inf,0.0
3507,Almonds,4.0,1.0,1.0,"Almonds, NFS",0.0,621.0,PUFA 22:6 n-3 (DHA),G,4.0,4.0,453.592,0.00881849768073511,0.00881849768073511,0.881849768073511,0.881849768073511,inf,0.0
3508,Almonds,4.0,1.0,1.0,"Almonds, NFS",0.0,319.0,Retinol,UG,4.0,4.0,453.592,0.00881849768073511,0.00881849768073511,0.881849768073511,0.881849768073511,inf,0.0
3509,Almonds,4.0,1.0,1.0,"Almonds, NFS",12.955,646.0,"Fatty acids, total polyunsaturated",G,4.0,4.0,453.592,0.00881849768073511,0.00881849768073511,0.881849768073511,0.881849768073511,0.06807022524689393,14.6907109
3510,Almonds,4.0,1.0,1.0,"Almonds, NFS",3.73,303.0,"Iron, Fe",MG,4.0,4.0,453.592,0.00881849768073511,0.00881849768073511,0.881849768073511,0.881849768073511,0.23642084934946675,4.2297454
3511,Almonds,4.0,1.0,1.0,"Almonds, NFS",4.86,269.0,"Sugars, Total",G,4.0,4.0,453.592,0.00881849768073511,0.00881849768073511,0.881849768073511,0.881849768073511,0.18145056956245081,5.5111428
3512,Almonds,4.0,1.0,1.0,"Almonds, NFS",55.0,417.0,"Folate, total",UG,4.0,4.0,453.592,0.00881849768073511,0.00881849768073511,0.881849768073511,0.881849768073511,0.01603363214679111,62.3689
3513,Almonds,4.0,1.0,1.0,"Almonds, NFS",12.945,618.0,PUFA 18:2,G,4.0,4.0,453.592,0.00881849768073511,0.00881849768073511,0.881849768073511,0.881849768073511,0.06812280943016694,14.679371100000001
3514,Almonds,4.0,1.0,1.0,"Almonds, NFS",33.076,645.0,"Fatty acids, total monounsaturated",G,4.0,4.0,453.592,0.00881849768073511,0.00881849768073511,0.881849768073511,0.881849768073511,0.0266613184204109,37.50752248
3515,Almonds,4.0,1.0,1.0,"Almonds, NFS",598.0,208.0,Energy,KCAL,4.0,4.0,453.592,0.00881849768073511,0.00881849768073511,0.881849768073511,0.881849768073511,0.0014746651640025268,678.12004
3516,Almonds,4.0,1.0,1.0,"Almonds, NFS",0.0,609.0,SFA 8:0,G,4.0,4.0,453.592,0.00881849768073511,0.00881849768073511,0.881849768073511,0.881849768073511,inf,0.0
3517,Almonds,4.0,1.0,1.0,"Almonds, NFS",0.0,620.0,PUFA 20:4,G,4.0,4.0,453.592,0.00881849768073511,0.00881849768073511,0.881849768073511,0.881849768073511,inf,0.0
3518,Hazelnuts,6.8,1.0,1.0,Hazelnuts,0.0,263.0,Theobromine,MG,6.8,6.8,453.592,0.014991446057249688,0.014991446057249688,1.4991446057249689,1.4991446057249689,inf,0.0
3519,Hazelnuts,6.8,1.0,1.0,Hazelnuts,14.2,430.0,Vitamin K (phylloquinone),UG,6.8,6.8,453.592,0.014991446057249688,0.014991446057249688,1.4991446057249689,1.4991446057249689,0.10557356378344852,9.472068235294117
3520,Hazelnuts,6.8,1.0,1.0,Hazelnuts,4.34,269.0,"Sugars, Total",G,6.8,6.8,453.592,0.014991446057249688,0.014991446057249688,1.4991446057249689,1.4991446057249689,0.3454250243605919,2.894984235294117
3521,Hazelnuts,6.8,1.0,1.0,Hazelnuts,163.0,304.0,"Magnesium, Mg",MG,6.8,6.8,453.592,0.014991446057249688,0.014991446057249688,1.4991446057249689,1.4991446057249689,0.009197206170091834,108.72867058823527
3522,Hazelnuts,6.8,1.0,1.0,Hazelnuts,0.0,608.0,SFA 6:0,G,6.8,6.8,453.592,0.014991446057249688,0.014991446057249688,1.4991446057249689,1.4991446057249689,inf,0.0
3523,Hazelnuts,6.8,1.0,1.0,Hazelnuts,2.45,309.0,"Zinc, Zn",MG,6.8,6.8,453.592,0.014991446057249688,0.014991446057249688,1.4991446057249689,1.4991446057249689,0.6118957574387628,1.634265294117647
3524,Hazelnuts,6.8,1.0,1.0,Hazelnuts,4.7,303.0,"Iron, Fe",MG,6.8,6.8,453.592,0.014991446057249688,0.014991446057249688,1.4991446057249689,1.4991446057249689,0.31896693738829124,3.1351211764705877
3525,Hazelnuts,6.8,1.0,1.0,Hazelnuts,0.0,611.0,SFA 12:0,G,6.8,6.8,453.592,0.014991446057249688,0.014991446057249688,1.4991446057249689,1.4991446057249689,inf,0.0
3526,Hazelnuts,6.8,1.0,1.0,Hazelnuts,0.0,627.0,PUFA 18:4,G,6.8,6.8,453.592,0.014991446057249688,0.014991446057249688,1.4991446057249689,1.4991446057249689,inf,0.0
3527,Hazelnuts,6.8,1.0,1.0,Hazelnuts,0.0,621.0,PUFA 22:6 n-3 (DHA),G,6.8,6.8,453.592,0.014991446057249688,0.014991446057249688,1.4991446057249689,1.4991446057249689,inf,0.0
3528,Hazelnuts,6.8,1.0,1.0,Hazelnuts,60.75,204.0,Total lipid (fat),G,6.8,6.8,453.592,0.014991446057249688,0.014991446057249688,1.4991446057249689,1.4991446057249689,0.024677277460493315,40.523108823529405
3529,Hazelnuts,6.8,1.0,1.0,Hazelnuts,680.0,306.0,"Potassium, K",MG,6.8,6.8,453.592,0.014991446057249688,0.014991446057249688,1.4991446057249689,1.4991446057249689,0.0022046244201837776,453.5919999999999
3530,Hazelnuts,6.8,1.0,1.0,Hazelnuts,0.563,415.0,Vitamin B-6,MG,6.8,6.8,453.592,0.014991446057249688,0.014991446057249688,1.4991446057249689,1.4991446057249689,2.6627790510212592,0.375547494117647
3531,Hazelnuts,6.8,1.0,1.0,Hazelnuts,3.0,322.0,"Carotene, alpha",UG,6.8,6.8,453.592,0.014991446057249688,0.014991446057249688,1.4991446057249689,1.4991446057249689,0.49971486857498965,2.001141176470588
3532,Hazelnuts,6.8,1.0,1.0,Hazelnuts,3.097,613.0,SFA 16:0,G,6.8,6.8,453.592,0.014991446057249688,0.014991446057249688,1.4991446057249689,1.4991446057249689,0.4840634826364123,2.06584474117647
3533,Hazelnuts,6.8,1.0,1.0,Hazelnuts,1.265,614.0,SFA 18:0,G,6.8,6.8,453.592,0.014991446057249688,0.014991446057249688,1.4991446057249689,1.4991446057249689,1.1850945499802126,0.8438145294117645
3534,Hazelnuts,6.8,1.0,1.0,Hazelnuts,0.0,418.0,Vitamin B-12,UG,6.8,6.8,453.592,0.014991446057249688,0.014991446057249688,1.4991446057249689,1.4991446057249689,inf,0.0
3535,Hazelnuts,6.8,1.0,1.0,Hazelnuts,290.0,305.0,"Phosphorus, P",MG,6.8,6.8,453.592,0.014991446057249688,0.014991446057249688,1.4991446057249689,1.4991446057249689,0.005169464157672306,193.4436470588235
3536,Hazelnuts,6.8,1.0,1.0,Hazelnuts,14.95,203.0,Protein,G,6.8,6.8,453.592,0.014991446057249688,0.014991446057249688,1.4991446057249689,1.4991446057249689,0.10027723115217184,9.972353529411762
3537,Hazelnuts,6.8,1.0,1.0,Hazelnuts,1.725,312.0,"Copper, Cu",MG,6.8,6.8,453.592,0.014991446057249688,0.014991446057249688,1.4991446057249689,1.4991446057249689,0.8690693366521558,1.150656176470588
3538,Hazelnuts,6.8,1.0,1.0,Hazelnuts,15.03,323.0,Vitamin E (alpha-tocopherol),MG,6.8,6.8,453.592,0.014991446057249688,0.014991446057249688,1.4991446057249689,1.4991446057249689,0.0997434867415149,10.025717294117646
3539,Hazelnuts,6.8,1.0,1.0,Hazelnuts,11.0,321.0,"Carotene, beta",UG,6.8,6.8,453.592,0.014991446057249688,0.014991446057249688,1.4991446057249689,1.4991446057249689,0.13628587324772445,7.337517647058823
3540,Hazelnuts,6.8,1.0,1.0,Hazelnuts,0.0,573.0,"Vitamin E, added",MG,6.8,6.8,453.592,0.014991446057249688,0.014991446057249688,1.4991446057249689,1.4991446057249689,inf,0.0
3541,Hazelnuts,6.8,1.0,1.0,Hazelnuts,628.0,208.0,Energy,KCAL,6.8,6.8,453.592,0.014991446057249688,0.014991446057249688,1.4991446057249689,1.4991446057249689,0.0023871729390524984,418.90555294117644
3542,Hazelnuts,6.8,1.0,1.0,Hazelnuts,0.0,620.0,PUFA 20:4,G,6.8,6.8,453.592,0.014991446057249688,0.014991446057249688,1.4991446057249689,1.4991446057249689,inf,0.0
3543,Hazelnuts,6.8,1.0,1.0,Hazelnuts,0.0,221.0,"Alcohol, ethyl",G,6.8,6.8,453.592,0.014991446057249688,0.014991446057249688,1.4991446057249689,1.4991446057249689,inf,0.0
3544,Hazelnuts,6.8,1.0,1.0,Hazelnuts,9.7,291.0,"Fiber, total dietary",G,6.8,6.8,453.592,0.014991446057249688,0.014991446057249688,1.4991446057249689,1.4991446057249689,0.15455099028092464,6.470356470588234
3545,Hazelnuts,6.8,1.0,1.0,Hazelnuts,0.0,610.0,SFA 10:0,G,6.8,6.8,453.592,0.014991446057249688,0.014991446057249688,1.4991446057249689,1.4991446057249689,inf,0.0
3546,Hazelnuts,6.8,1.0,1.0,Hazelnuts,0.0,337.0,Lycopene,UG,6.8,6.8,453.592,0.014991446057249688,0.014991446057249688,1.4991446057249689,1.4991446057249689,inf,0.0
3547,Hazelnuts,6.8,1.0,1.0,Hazelnuts,0.0,607.0,SFA 4:0,G,6.8,6.8,453.592,0.014991446057249688,0.014991446057249688,1.4991446057249689,1.4991446057249689,inf,0.0
3548,Hazelnuts,6.8,1.0,1.0,Hazelnuts,0.0,319.0,Retinol,UG,6.8,6.8,453.592,0.014991446057249688,0.014991446057249688,1.4991446057249689,1.4991446057249689,inf,0.0
3549,Hazelnuts,6.8,1.0,1.0,Hazelnuts,113.0,435.0,"Folate, DFE",UG,6.8,6.8,453.592,0.014991446057249688,0.014991446057249688,1.4991446057249689,1.4991446057249689,0.013266766422344858,75.37631764705881
3550,Hazelnuts,6.8,1.0,1.0,Hazelnuts,0.0,328.0,Vitamin D (D2 + D3),UG,6.8,6.8,453.592,0.014991446057249688,0.014991446057249688,1.4991446057249689,1.4991446057249689,inf,0.0
3551,Hazelnuts,6.8,1.0,1.0,Hazelnuts,0.0,262.0,Caffeine,MG,6.8,6.8,453.592,0.014991446057249688,0.014991446057249688,1.4991446057249689,1.4991446057249689,inf,0.0
3552,Hazelnuts,6.8,1.0,1.0,Hazelnuts,0.0,631.0,PUFA 22:5 n-3 (DPA),G,6.8,6.8,453.592,0.014991446057249688,0.014991446057249688,1.4991446057249689,1.4991446057249689,inf,0.0
3553,Hazelnuts,6.8,1.0,1.0,Hazelnuts,16.7,205.0,"Carbohydrate, by difference",G,6.8,6.8,453.592,0.014991446057249688,0.014991446057249688,1.4991446057249689,1.4991446057249689,0.0897691380673634,11.13968588235294
3554,Hazelnuts,6.8,1.0,1.0,Hazelnuts,0.113,405.0,Riboflavin,MG,6.8,6.8,453.592,0.014991446057249688,0.014991446057249688,1.4991446057249689,1.4991446057249689,13.266766422344856,0.07537631764705882
3555,Hazelnuts,6.8,1.0,1.0,Hazelnuts,0.643,404.0,Thiamin,MG,6.8,6.8,453.592,0.014991446057249688,0.014991446057249688,1.4991446057249689,1.4991446057249689,2.3314846123249904,0.4289112588235294
3556,Hazelnuts,6.8,1.0,1.0,Hazelnuts,2.4,317.0,"Selenium, Se",UG,6.8,6.8,453.592,0.014991446057249688,0.014991446057249688,1.4991446057249689,1.4991446057249689,0.624643585718737,1.6009129411764704
3557,Hazelnuts,6.8,1.0,1.0,Hazelnuts,7.833,618.0,PUFA 18:2,G,6.8,6.8,453.592,0.014991446057249688,0.014991446057249688,1.4991446057249689,1.4991446057249689,0.19138830661623502,5.224979611764705
3558,Hazelnuts,6.8,1.0,1.0,Hazelnuts,1.8,406.0,Niacin,MG,6.8,6.8,453.592,0.014991446057249688,0.014991446057249688,1.4991446057249689,1.4991446057249689,0.8328581142916494,1.2006847058823529
3559,Hazelnuts,6.8,1.0,1.0,Hazelnuts,0.116,626.0,MUFA 16:1,G,6.8,6.8,453.592,0.014991446057249688,0.014991446057249688,1.4991446057249689,1.4991446057249689,12.923660394180766,0.07737745882352941
3560,Hazelnuts,6.8,1.0,1.0,Hazelnuts,1.0,320.0,"Vitamin A, RAE",UG,6.8,6.8,453.592,0.014991446057249688,0.014991446057249688,1.4991446057249689,1.4991446057249689,1.4991446057249689,0.6670470588235293
3561,Hazelnuts,6.8,1.0,1.0,Hazelnuts,45.6,421.0,"Choline, total",MG,6.8,6.8,453.592,0.014991446057249688,0.014991446057249688,1.4991446057249689,1.4991446057249689,0.032875978195723,30.417345882352937
3562,Hazelnuts,6.8,1.0,1.0,Hazelnuts,0.0,629.0,PUFA 20:5 n-3 (EPA),G,6.8,6.8,453.592,0.014991446057249688,0.014991446057249688,1.4991446057249689,1.4991446057249689,inf,0.0
3563,Hazelnuts,6.8,1.0,1.0,Hazelnuts,92.0,338.0,Lutein + zeaxanthin,UG,6.8,6.8,453.592,0.014991446057249688,0.014991446057249688,1.4991446057249689,1.4991446057249689,0.016295050062227923,61.3683294117647
3564,Hazelnuts,6.8,1.0,1.0,Hazelnuts,0.0,431.0,Folic acid,UG,6.8,6.8,453.592,0.014991446057249688,0.014991446057249688,1.4991446057249689,1.4991446057249689,inf,0.0
3565,Hazelnuts,6.8,1.0,1.0,Hazelnuts,0.131,628.0,MUFA 20:1,G,6.8,6.8,453.592,0.014991446057249688,0.014991446057249688,1.4991446057249689,1.4991446057249689,11.443851952099,0.08738316470588235
3566,Hazelnuts,6.8,1.0,1.0,Hazelnuts,0.087,619.0,PUFA 18:3,G,6.8,6.8,453.592,0.014991446057249688,0.014991446057249688,1.4991446057249689,1.4991446057249689,17.231547192241024,0.058033094117647045
3567,Hazelnuts,6.8,1.0,1.0,Hazelnuts,45.405,617.0,MUFA 18:1,G,6.8,6.8,453.592,0.014991446057249688,0.014991446057249688,1.4991446057249689,1.4991446057249689,0.03301717004129433,30.28727170588235
3568,Hazelnuts,6.8,1.0,1.0,Hazelnuts,0.0,307.0,"Sodium, Na",MG,6.8,6.8,453.592,0.014991446057249688,0.014991446057249688,1.4991446057249689,1.4991446057249689,inf,0.0
3569,Hazelnuts,6.8,1.0,1.0,Hazelnuts,0.0,630.0,MUFA 22:1,G,6.8,6.8,453.592,0.014991446057249688,0.014991446057249688,1.4991446057249689,1.4991446057249689,inf,0.0
3570,Hazelnuts,6.8,1.0,1.0,Hazelnuts,113.0,432.0,"Folate, food",UG,6.8,6.8,453.592,0.014991446057249688,0.014991446057249688,1.4991446057249689,1.4991446057249689,0.013266766422344858,75.37631764705881
3571,Hazelnuts,6.8,1.0,1.0,Hazelnuts,113.0,417.0,"Folate, total",UG,6.8,6.8,453.592,0.014991446057249688,0.014991446057249688,1.4991446057249689,1.4991446057249689,0.013266766422344858,75.37631764705881
3572,Hazelnuts,6.8,1.0,1.0,Hazelnuts,4.464,606.0,"Fatty acids, total saturated",G,6.8,6.8,453.592,0.014991446057249688,0.014991446057249688,1.4991446057249689,1.4991446057249689,0.3358298847950199,2.977698070588235
3573,Hazelnuts,6.8,1.0,1.0,Hazelnuts,0.0,609.0,SFA 8:0,G,6.8,6.8,453.592,0.014991446057249688,0.014991446057249688,1.4991446057249689,1.4991446057249689,inf,0.0
3574,Hazelnuts,6.8,1.0,1.0,Hazelnuts,0.0,612.0,SFA 14:0,G,6.8,6.8,453.592,0.014991446057249688,0.014991446057249688,1.4991446057249689,1.4991446057249689,inf,0.0
3575,Hazelnuts,6.8,1.0,1.0,Hazelnuts,0.0,601.0,Cholesterol,MG,6.8,6.8,453.592,0.014991446057249688,0.014991446057249688,1.4991446057249689,1.4991446057249689,inf,0.0
3576,Hazelnuts,6.8,1.0,1.0,Hazelnuts,45.652,645.0,"Fatty acids, total monounsaturated",G,6.8,6.8,453.592,0.014991446057249688,0.014991446057249688,1.4991446057249689,1.4991446057249689,0.03283853074837836,30.45203232941176
3577,Hazelnuts,6.8,1.0,1.0,Hazelnuts,6.3,401.0,"Vitamin C, total ascorbic acid",MG,6.8,6.8,453.592,0.014991446057249688,0.014991446057249688,1.4991446057249689,1.4991446057249689,0.23795946122618555,4.202396470588234
3578,Hazelnuts,6.8,1.0,1.0,Hazelnuts,0.0,578.0,"Vitamin B-12, added",UG,6.8,6.8,453.592,0.014991446057249688,0.014991446057249688,1.4991446057249689,1.4991446057249689,inf,0.0
3579,Hazelnuts,6.8,1.0,1.0,Hazelnuts,114.0,301.0,"Calcium, Ca",MG,6.8,6.8,453.592,0.014991446057249688,0.014991446057249688,1.4991446057249689,1.4991446057249689,0.013150391278289202,76.04336470588234
3580,Hazelnuts,6.8,1.0,1.0,Hazelnuts,5.31,255.0,Water,G,6.8,6.8,453.592,0.014991446057249688,0.014991446057249688,1.4991446057249689,1.4991446057249689,0.28232478450564386,3.5420198823529403
3581,Hazelnuts,6.8,1.0,1.0,Hazelnuts,0.0,334.0,"Cryptoxanthin, beta",UG,6.8,6.8,453.592,0.014991446057249688,0.014991446057249688,1.4991446057249689,1.4991446057249689,inf,0.0
3582,Hazelnuts,6.8,1.0,1.0,Hazelnuts,7.92,646.0,"Fatty acids, total polyunsaturated",G,6.8,6.8,453.592,0.014991446057249688,0.014991446057249688,1.4991446057249689,1.4991446057249689,0.18928593506628394,5.283012705882352
3583,Peanuts,2.45,1.0,1.0,"Peanuts, NFS",3.982,613.0,SFA 16:0,G,2.45,2.45,453.592,0.005401329829450256,0.005401329829450256,0.5401329829450255,0.5401329829450255,0.13564364212582258,7.372258546938775
3584,Peanuts,2.45,1.0,1.0,"Peanuts, NFS",0.0,338.0,Lutein + zeaxanthin,UG,2.45,2.45,453.592,0.005401329829450256,0.005401329829450256,0.5401329829450255,0.5401329829450255,inf,0.0
3585,Peanuts,2.45,1.0,1.0,"Peanuts, NFS",178.0,304.0,"Magnesium, Mg",MG,2.45,2.45,453.592,0.005401329829450256,0.005401329829450256,0.5401329829450255,0.5401329829450255,0.0030344549603653122,329.5484734693877
3586,Peanuts,2.45,1.0,1.0,"Peanuts, NFS",21.26,205.0,"Carbohydrate, by difference",G,2.45,2.45,453.592,0.005401329829450256,0.005401329829450256,0.5401329829450255,0.5401329829450255,0.025406066930622084,39.3606772244898
3587,Peanuts,2.45,1.0,1.0,"Peanuts, NFS",7.723,606.0,"Fatty acids, total saturated",G,2.45,2.45,453.592,0.005401329829450256,0.005401329829450256,0.5401329829450255,0.5401329829450255,0.06993823422828248,14.298330677551018
3588,Peanuts,2.45,1.0,1.0,"Peanuts, NFS",0.466,415.0,Vitamin B-6,MG,2.45,2.45,453.592,0.005401329829450256,0.005401329829450256,0.5401329829450255,0.5401329829450255,1.1590836543884668,0.8627504979591837
3589,Peanuts,2.45,1.0,1.0,"Peanuts, NFS",0.0,601.0,Cholesterol,MG,2.45,2.45,453.592,0.005401329829450256,0.005401329829450256,0.5401329829450255,0.5401329829450255,inf,0.0
3590,Peanuts,2.45,1.0,1.0,"Peanuts, NFS",58.0,301.0,"Calcium, Ca",MG,2.45,2.45,453.592,0.005401329829450256,0.005401329829450256,0.5401329829450255,0.5401329829450255,0.0093126376369832,107.38096326530611
3591,Peanuts,2.45,1.0,1.0,"Peanuts, NFS",0.197,405.0,Riboflavin,MG,2.45,2.45,453.592,0.005401329829450256,0.005401329829450256,0.5401329829450255,0.5401329829450255,2.7417917915991143,0.3647249959183673
3592,Peanuts,2.45,1.0,1.0,"Peanuts, NFS",0.0,221.0,"Alcohol, ethyl",G,2.45,2.45,453.592,0.005401329829450256,0.005401329829450256,0.5401329829450255,0.5401329829450255,inf,0.0
3593,Peanuts,2.45,1.0,1.0,"Peanuts, NFS",0.055,630.0,MUFA 22:1,G,2.45,2.45,453.592,0.005401329829450256,0.005401329829450256,0.5401329829450255,0.5401329829450255,9.820599689909555,0.10182677551020407
3594,Peanuts,2.45,1.0,1.0,"Peanuts, NFS",0.0,610.0,SFA 10:0,G,2.45,2.45,453.592,0.005401329829450256,0.005401329829450256,0.5401329829450255,0.5401329829450255,inf,0.0
3595,Peanuts,2.45,1.0,1.0,"Peanuts, NFS",0.026,619.0,PUFA 18:3,G,2.45,2.45,453.592,0.005401329829450256,0.005401329829450256,0.5401329829450255,0.5401329829450255,20.774345497885598,0.048136293877551015
3596,Peanuts,2.45,1.0,1.0,"Peanuts, NFS",97.0,417.0,"Folate, total",UG,2.45,2.45,453.592,0.005401329829450256,0.005401329829450256,0.5401329829450255,0.5401329829450255,0.00556838126747449,179.58540408163265
3597,Peanuts,2.45,1.0,1.0,"Peanuts, NFS",9.773,646.0,"Fatty acids, total polyunsaturated",G,2.45,2.45,453.592,0.005401329829450256,0.005401329829450256,0.5401329829450255,0.5401329829450255,0.055267879151235606,18.09369231020408
3598,Peanuts,2.45,1.0,1.0,"Peanuts, NFS",26.181,645.0,"Fatty acids, total monounsaturated",G,2.45,2.45,453.592,0.005401329829450256,0.005401329829450256,0.5401329829450255,0.5401329829450255,0.02063072391982833,48.47139653877551
3599,Peanuts,2.45,1.0,1.0,"Peanuts, NFS",0.0,322.0,"Carotene, alpha",UG,2.45,2.45,453.592,0.005401329829450256,0.005401329829450256,0.5401329829450255,0.5401329829450255,inf,0.0
3600,Peanuts,2.45,1.0,1.0,"Peanuts, NFS",0.0,320.0,"Vitamin A, RAE",UG,2.45,2.45,453.592,0.005401329829450256,0.005401329829450256,0.5401329829450255,0.5401329829450255,inf,0.0
3601,Peanuts,2.45,1.0,1.0,"Peanuts, NFS",0.0,262.0,Caffeine,MG,2.45,2.45,453.592,0.005401329829450256,0.005401329829450256,0.5401329829450255,0.5401329829450255,inf,0.0
3602,Peanuts,2.45,1.0,1.0,"Peanuts, NFS",9.715,618.0,PUFA 18:2,G,2.45,2.45,453.592,0.005401329829450256,0.005401329829450256,0.5401329829450255,0.5401329829450255,0.05559783663870567,17.986311346938773
3603,Peanuts,2.45,1.0,1.0,"Peanuts, NFS",64.6,421.0,"Choline, total",MG,2.45,2.45,453.592,0.005401329829450256,0.005401329829450256,0.5401329829450255,0.5401329829450255,0.008361191686455504,119.60017632653059
3604,Peanuts,2.45,1.0,1.0,"Peanuts, NFS",0.0,573.0,"Vitamin E, added",MG,2.45,2.45,453.592,0.005401329829450256,0.005401329829450256,0.5401329829450255,0.5401329829450255,inf,0.0
3605,Peanuts,2.45,1.0,1.0,"Peanuts, NFS",97.0,432.0,"Folate, food",UG,2.45,2.45,453.592,0.005401329829450256,0.005401329829450256,0.5401329829450255,0.5401329829450255,0.00556838126747449,179.58540408163265
3606,Peanuts,2.45,1.0,1.0,"Peanuts, NFS",0.0,629.0,PUFA 20:5 n-3 (EPA),G,2.45,2.45,453.592,0.005401329829450256,0.005401329829450256,0.5401329829450255,0.5401329829450255,inf,0.0
3607,Peanuts,2.45,1.0,1.0,"Peanuts, NFS",0.0,319.0,Retinol,UG,2.45,2.45,453.592,0.005401329829450256,0.005401329829450256,0.5401329829450255,0.5401329829450255,inf,0.0
3608,Peanuts,2.45,1.0,1.0,"Peanuts, NFS",634.0,306.0,"Potassium, K",MG,2.45,2.45,453.592,0.005401329829450256,0.005401329829450256,0.5401329829450255,0.5401329829450255,0.0008519447680520908,1173.7850122448979
3609,Peanuts,2.45,1.0,1.0,"Peanuts, NFS",1.81,255.0,Water,G,2.45,2.45,453.592,0.005401329829450256,0.005401329829450256,0.5401329829450255,0.5401329829450255,0.29841601267680967,3.3510266122448975
3610,Peanuts,2.45,1.0,1.0,"Peanuts, NFS",0.0,621.0,PUFA 22:6 n-3 (DHA),G,2.45,2.45,453.592,0.005401329829450256,0.005401329829450256,0.5401329829450255,0.5401329829450255,inf,0.0
3611,Peanuts,2.45,1.0,1.0,"Peanuts, NFS",0.0,431.0,Folic acid,UG,2.45,2.45,453.592,0.005401329829450256,0.005401329829450256,0.5401329829450255,0.5401329829450255,inf,0.0
3612,Peanuts,2.45,1.0,1.0,"Peanuts, NFS",0.0,337.0,Lycopene,UG,2.45,2.45,453.592,0.005401329829450256,0.005401329829450256,0.5401329829450255,0.5401329829450255,inf,0.0
3613,Peanuts,2.45,1.0,1.0,"Peanuts, NFS",2.77,309.0,"Zinc, Zn",MG,2.45,2.45,453.592,0.005401329829450256,0.005401329829450256,0.5401329829450255,0.5401329829450255,0.194993856658854,5.128366693877551
3614,Peanuts,2.45,1.0,1.0,"Peanuts, NFS",0.0,334.0,"Cryptoxanthin, beta",UG,2.45,2.45,453.592,0.005401329829450256,0.005401329829450256,0.5401329829450255,0.5401329829450255,inf,0.0
3615,Peanuts,2.45,1.0,1.0,"Peanuts, NFS",0.0,578.0,"Vitamin B-12, added",UG,2.45,2.45,453.592,0.005401329829450256,0.005401329829450256,0.5401329829450255,0.5401329829450255,inf,0.0
3616,Peanuts,2.45,1.0,1.0,"Peanuts, NFS",363.0,305.0,"Phosphorus, P",MG,2.45,2.45,453.592,0.005401329829450256,0.005401329829450256,0.5401329829450255,0.5401329829450255,0.0014879696499862964,672.0567183673469
3617,Peanuts,2.45,1.0,1.0,"Peanuts, NFS",0.428,312.0,"Copper, Cu",MG,2.45,2.45,453.592,0.005401329829450256,0.005401329829450256,0.5401329829450255,0.5401329829450255,1.2619929508061345,0.7923974530612244
3618,Peanuts,2.45,1.0,1.0,"Peanuts, NFS",0.016,620.0,PUFA 20:4,G,2.45,2.45,453.592,0.005401329829450256,0.005401329829450256,0.5401329829450255,0.5401329829450255,33.7583114340641,0.02962233469387755
3619,Peanuts,2.45,1.0,1.0,"Peanuts, NFS",97.0,435.0,"Folate, DFE",UG,2.45,2.45,453.592,0.005401329829450256,0.005401329829450256,0.5401329829450255,0.5401329829450255,0.00556838126747449,179.58540408163265
3620,Peanuts,2.45,1.0,1.0,"Peanuts, NFS",0.0,607.0,SFA 4:0,G,2.45,2.45,453.592,0.005401329829450256,0.005401329829450256,0.5401329829450255,0.5401329829450255,inf,0.0
3621,Peanuts,2.45,1.0,1.0,"Peanuts, NFS",587.0,208.0,Energy,KCAL,2.45,2.45,453.592,0.005401329829450256,0.005401329829450256,0.5401329829450255,0.5401329829450255,0.0009201584036542173,1086.7694040816325
3622,Peanuts,2.45,1.0,1.0,"Peanuts, NFS",0.0,430.0,Vitamin K (phylloquinone),UG,2.45,2.45,453.592,0.005401329829450256,0.005401329829450256,0.5401329829450255,0.5401329829450255,inf,0.0
3623,Peanuts,2.45,1.0,1.0,"Peanuts, NFS",24.35,203.0,Protein,G,2.45,2.45,453.592,0.005401329829450256,0.005401329829450256,0.5401329829450255,0.5401329829450255,0.02218205268768072,45.0814906122449
3624,Peanuts,2.45,1.0,1.0,"Peanuts, NFS",0.0,609.0,SFA 8:0,G,2.45,2.45,453.592,0.005401329829450256,0.005401329829450256,0.5401329829450255,0.5401329829450255,inf,0.0
3625,Peanuts,2.45,1.0,1.0,"Peanuts, NFS",0.0,321.0,"Carotene, beta",UG,2.45,2.45,453.592,0.005401329829450256,0.005401329829450256,0.5401329829450255,0.5401329829450255,inf,0.0
3626,Peanuts,2.45,1.0,1.0,"Peanuts, NFS",0.016,612.0,SFA 14:0,G,2.45,2.45,453.592,0.005401329829450256,0.005401329829450256,0.5401329829450255,0.5401329829450255,33.7583114340641,0.02962233469387755
3627,Peanuts,2.45,1.0,1.0,"Peanuts, NFS",25.435,617.0,MUFA 18:1,G,2.45,2.45,453.592,0.005401329829450256,0.005401329829450256,0.5401329829450255,0.5401329829450255,0.021235816117358978,47.09025518367346
3628,Peanuts,2.45,1.0,1.0,"Peanuts, NFS",410.0,307.0,"Sodium, Na",MG,2.45,2.45,453.592,0.005401329829450256,0.005401329829450256,0.5401329829450255,0.5401329829450255,0.0013173975193781111,759.0723265306121
3629,Peanuts,2.45,1.0,1.0,"Peanuts, NFS",0.627,628.0,MUFA 20:1,G,2.45,2.45,453.592,0.005401329829450256,0.005401329829450256,0.5401329829450255,0.5401329829450255,0.861456113149961,1.1608252408163264
3630,Peanuts,2.45,1.0,1.0,"Peanuts, NFS",0.152,404.0,Thiamin,MG,2.45,2.45,453.592,0.005401329829450256,0.005401329829450256,0.5401329829450255,0.5401329829450255,3.553506466743589,0.2814121795918367
3631,Peanuts,2.45,1.0,1.0,"Peanuts, NFS",0.0,418.0,Vitamin B-12,UG,2.45,2.45,453.592,0.005401329829450256,0.005401329829450256,0.5401329829450255,0.5401329829450255,inf,0.0
3632,Peanuts,2.45,1.0,1.0,"Peanuts, NFS",4.93,323.0,Vitamin E (alpha-tocopherol),MG,2.45,2.45,453.592,0.005401329829450256,0.005401329829450256,0.5401329829450255,0.5401329829450255,0.10956044278803764,9.127381877551018
3633,Peanuts,2.45,1.0,1.0,"Peanuts, NFS",0.0,263.0,Theobromine,MG,2.45,2.45,453.592,0.005401329829450256,0.005401329829450256,0.5401329829450255,0.5401329829450255,inf,0.0
3634,Peanuts,2.45,1.0,1.0,"Peanuts, NFS",4.9,269.0,"Sugars, Total",G,2.45,2.45,453.592,0.005401329829450256,0.005401329829450256,0.5401329829450255,0.5401329829450255,0.11023122100918888,9.07184
3635,Peanuts,2.45,1.0,1.0,"Peanuts, NFS",1.58,303.0,"Iron, Fe",MG,2.45,2.45,453.592,0.005401329829450256,0.005401329829450256,0.5401329829450255,0.5401329829450255,0.3418563183196364,2.925205551020408
3636,Peanuts,2.45,1.0,1.0,"Peanuts, NFS",0.0,328.0,Vitamin D (D2 + D3),UG,2.45,2.45,453.592,0.005401329829450256,0.005401329829450256,0.5401329829450255,0.5401329829450255,inf,0.0
3637,Peanuts,2.45,1.0,1.0,"Peanuts, NFS",0.0,627.0,PUFA 18:4,G,2.45,2.45,453.592,0.005401329829450256,0.005401329829450256,0.5401329829450255,0.5401329829450255,inf,0.0
3638,Peanuts,2.45,1.0,1.0,"Peanuts, NFS",49.66,204.0,Total lipid (fat),G,2.45,2.45,453.592,0.005401329829450256,0.005401329829450256,0.5401329829450255,0.5401329829450255,0.010876620679521255,91.94032130612243
3639,Peanuts,2.45,1.0,1.0,"Peanuts, NFS",0.0,631.0,PUFA 22:5 n-3 (DPA),G,2.45,2.45,453.592,0.005401329829450256,0.005401329829450256,0.5401329829450255,0.5401329829450255,inf,0.0
3640,Peanuts,2.45,1.0,1.0,"Peanuts, NFS",0.0,401.0,"Vitamin C, total ascorbic acid",MG,2.45,2.45,453.592,0.005401329829450256,0.005401329829450256,0.5401329829450255,0.5401329829450255,inf,0.0
3641,Peanuts,2.45,1.0,1.0,"Peanuts, NFS",0.031,626.0,MUFA 16:1,G,2.45,2.45,453.592,0.005401329829450256,0.005401329829450256,0.5401329829450255,0.5401329829450255,17.423644611129856,0.057393273469387746
3642,Peanuts,2.45,1.0,1.0,"Peanuts, NFS",0.0,608.0,SFA 6:0,G,2.45,2.45,453.592,0.005401329829450256,0.005401329829450256,0.5401329829450255,0.5401329829450255,inf,0.0
3643,Peanuts,2.45,1.0,1.0,"Peanuts, NFS",14.355,406.0,Niacin,MG,2.45,2.45,453.592,0.005401329829450256,0.005401329829450256,0.5401329829450255,0.5401329829450255,0.03762681873528565,26.576788408163264
3644,Peanuts,2.45,1.0,1.0,"Peanuts, NFS",0.0,611.0,SFA 12:0,G,2.45,2.45,453.592,0.005401329829450256,0.005401329829450256,0.5401329829450255,0.5401329829450255,inf,0.0
3645,Peanuts,2.45,1.0,1.0,"Peanuts, NFS",1.2,614.0,SFA 18:0,G,2.45,2.45,453.592,0.005401329829450256,0.005401329829450256,0.5401329829450255,0.5401329829450255,0.45011081912085465,2.221675102040816
3646,Peanuts,2.45,1.0,1.0,"Peanuts, NFS",9.3,317.0,"Selenium, Se",UG,2.45,2.45,453.592,0.005401329829450256,0.005401329829450256,0.5401329829450255,0.5401329829450255,0.05807881537043285,17.217982040816327
3647,Peanuts,2.45,1.0,1.0,"Peanuts, NFS",8.4,291.0,"Fiber, total dietary",G,2.45,2.45,453.592,0.005401329829450256,0.005401329829450256,0.5401329829450255,0.5401329829450255,0.06430154558869351,15.551725714285713
3648,Macadamia nuts,15.0,1.0,1.0,Macadamia nuts,0.7,401.0,"Vitamin C, total ascorbic acid",MG,15.0,15.0,453.592,0.03306936630275666,0.03306936630275666,3.306936630275666,3.306936630275666,4.724195186108095,0.21167626666666667
3649,Macadamia nuts,15.0,1.0,1.0,Macadamia nuts,118.0,304.0,"Magnesium, Mg",MG,15.0,15.0,453.592,0.03306936630275666,0.03306936630275666,3.306936630275666,3.306936630275666,0.028024886697251408,35.68257066666667
3650,Macadamia nuts,15.0,1.0,1.0,Macadamia nuts,0.0,418.0,Vitamin B-12,UG,15.0,15.0,453.592,0.03306936630275666,0.03306936630275666,3.306936630275666,3.306936630275666,inf,0.0
3651,Macadamia nuts,15.0,1.0,1.0,Macadamia nuts,59.275,645.0,"Fatty acids, total monounsaturated",G,15.0,15.0,453.592,0.03306936630275666,0.03306936630275666,3.306936630275666,3.306936630275666,0.05578973648714747,17.924443866666667
3652,Macadamia nuts,15.0,1.0,1.0,Macadamia nuts,2.65,303.0,"Iron, Fe",MG,15.0,15.0,453.592,0.03306936630275666,0.03306936630275666,3.306936630275666,3.306936630275666,1.2479006151983647,0.8013458666666666
3653,Macadamia nuts,15.0,1.0,1.0,Macadamia nuts,0.0,319.0,Retinol,UG,15.0,15.0,453.592,0.03306936630275666,0.03306936630275666,3.306936630275666,3.306936630275666,inf,0.0
3654,Macadamia nuts,15.0,1.0,1.0,Macadamia nuts,0.0,609.0,SFA 8:0,G,15.0,15.0,453.592,0.03306936630275666,0.03306936630275666,3.306936630275666,3.306936630275666,inf,0.0
3655,Macadamia nuts,15.0,1.0,1.0,Macadamia nuts,1.61,255.0,Water,G,15.0,15.0,453.592,0.03306936630275666,0.03306936630275666,3.306936630275666,3.306936630275666,2.0539979070035193,0.4868554133333334
3656,Macadamia nuts,15.0,1.0,1.0,Macadamia nuts,0.0,573.0,"Vitamin E, added",MG,15.0,15.0,453.592,0.03306936630275666,0.03306936630275666,3.306936630275666,3.306936630275666,inf,0.0
3657,Macadamia nuts,15.0,1.0,1.0,Macadamia nuts,0.075,611.0,SFA 12:0,G,15.0,15.0,453.592,0.03306936630275666,0.03306936630275666,3.306936630275666,3.306936630275666,44.09248840367555,0.0226796
3658,Macadamia nuts,15.0,1.0,1.0,Macadamia nuts,5.932,613.0,SFA 16:0,G,15.0,15.0,453.592,0.03306936630275666,0.03306936630275666,3.306936630275666,3.306936630275666,0.5574741453600246,1.793805162666667
3659,Macadamia nuts,15.0,1.0,1.0,Macadamia nuts,0.0,334.0,"Cryptoxanthin, beta",UG,15.0,15.0,453.592,0.03306936630275666,0.03306936630275666,3.306936630275666,3.306936630275666,inf,0.0
3660,Macadamia nuts,15.0,1.0,1.0,Macadamia nuts,0.0,601.0,Cholesterol,MG,15.0,15.0,453.592,0.03306936630275666,0.03306936630275666,3.306936630275666,3.306936630275666,inf,0.0
3661,Macadamia nuts,15.0,1.0,1.0,Macadamia nuts,2.28,614.0,SFA 18:0,G,15.0,15.0,453.592,0.03306936630275666,0.03306936630275666,3.306936630275666,3.306936630275666,1.4504108027524854,0.6894598399999999
3662,Macadamia nuts,15.0,1.0,1.0,Macadamia nuts,363.0,306.0,"Potassium, K",MG,15.0,15.0,453.592,0.03306936630275666,0.03306936630275666,3.306936630275666,3.306936630275666,0.00911001826522222,109.769264
3663,Macadamia nuts,15.0,1.0,1.0,Macadamia nuts,11.947,606.0,"Fatty acids, total saturated",G,15.0,15.0,453.592,0.03306936630275666,0.03306936630275666,3.306936630275666,3.306936630275666,0.2768005884553165,3.6127090826666666
3664,Macadamia nuts,15.0,1.0,1.0,Macadamia nuts,10.0,432.0,"Folate, food",UG,15.0,15.0,453.592,0.03306936630275666,0.03306936630275666,3.306936630275666,3.306936630275666,0.33069366302756664,3.023946666666667
3665,Macadamia nuts,15.0,1.0,1.0,Macadamia nuts,0.0,629.0,PUFA 20:5 n-3 (EPA),G,15.0,15.0,453.592,0.03306936630275666,0.03306936630275666,3.306936630275666,3.306936630275666,inf,0.0
3666,Macadamia nuts,15.0,1.0,1.0,Macadamia nuts,76.08,204.0,Total lipid (fat),G,15.0,15.0,453.592,0.03306936630275666,0.03306936630275666,3.306936630275666,3.306936630275666,0.043466569798576056,23.006186239999998
3667,Macadamia nuts,15.0,1.0,1.0,Macadamia nuts,0.0,578.0,"Vitamin B-12, added",UG,15.0,15.0,453.592,0.03306936630275666,0.03306936630275666,3.306936630275666,3.306936630275666,inf,0.0
3668,Macadamia nuts,15.0,1.0,1.0,Macadamia nuts,0.0,610.0,SFA 10:0,G,15.0,15.0,453.592,0.03306936630275666,0.03306936630275666,3.306936630275666,3.306936630275666,inf,0.0
3669,Macadamia nuts,15.0,1.0,1.0,Macadamia nuts,2.274,406.0,Niacin,MG,15.0,15.0,453.592,0.03306936630275666,0.03306936630275666,3.306936630275666,3.306936630275666,1.4542377441845498,0.687645472
3670,Macadamia nuts,15.0,1.0,1.0,Macadamia nuts,10.0,435.0,"Folate, DFE",UG,15.0,15.0,453.592,0.03306936630275666,0.03306936630275666,3.306936630275666,3.306936630275666,0.33069366302756664,3.023946666666667
3671,Macadamia nuts,15.0,1.0,1.0,Macadamia nuts,0.0,631.0,PUFA 22:5 n-3 (DPA),G,15.0,15.0,453.592,0.03306936630275666,0.03306936630275666,3.306936630275666,3.306936630275666,inf,0.0
3672,Macadamia nuts,15.0,1.0,1.0,Macadamia nuts,0.237,630.0,MUFA 22:1,G,15.0,15.0,453.592,0.03306936630275666,0.03306936630275666,3.306936630275666,3.306936630275666,13.9533191150872,0.071667536
3673,Macadamia nuts,15.0,1.0,1.0,Macadamia nuts,0.71,404.0,Thiamin,MG,15.0,15.0,453.592,0.03306936630275666,0.03306936630275666,3.306936630275666,3.306936630275666,4.657657225740375,0.21470021333333333
3674,Macadamia nuts,15.0,1.0,1.0,Macadamia nuts,10.0,417.0,"Folate, total",UG,15.0,15.0,453.592,0.03306936630275666,0.03306936630275666,3.306936630275666,3.306936630275666,0.33069366302756664,3.023946666666667
3675,Macadamia nuts,15.0,1.0,1.0,Macadamia nuts,7.79,203.0,Protein,G,15.0,15.0,453.592,0.03306936630275666,0.03306936630275666,3.306936630275666,3.306936630275666,0.4245104788543859,2.3556544533333335
3676,Macadamia nuts,15.0,1.0,1.0,Macadamia nuts,0.0,221.0,"Alcohol, ethyl",G,15.0,15.0,453.592,0.03306936630275666,0.03306936630275666,3.306936630275666,3.306936630275666,inf,0.0
3677,Macadamia nuts,15.0,1.0,1.0,Macadamia nuts,0.0,338.0,Lutein + zeaxanthin,UG,15.0,15.0,453.592,0.03306936630275666,0.03306936630275666,3.306936630275666,3.306936630275666,inf,0.0
3678,Macadamia nuts,15.0,1.0,1.0,Macadamia nuts,0.196,619.0,PUFA 18:3,G,15.0,15.0,453.592,0.03306936630275666,0.03306936630275666,3.306936630275666,3.306936630275666,16.872125664671767,0.05926935466666667
3679,Macadamia nuts,15.0,1.0,1.0,Macadamia nuts,1.29,309.0,"Zinc, Zn",MG,15.0,15.0,453.592,0.03306936630275666,0.03306936630275666,3.306936630275666,3.306936630275666,2.563516767655555,0.39008912
3680,Macadamia nuts,15.0,1.0,1.0,Macadamia nuts,198.0,305.0,"Phosphorus, P",MG,15.0,15.0,453.592,0.03306936630275666,0.03306936630275666,3.306936630275666,3.306936630275666,0.016701700152907405,59.874144
3681,Macadamia nuts,15.0,1.0,1.0,Macadamia nuts,0.0,322.0,"Carotene, alpha",UG,15.0,15.0,453.592,0.03306936630275666,0.03306936630275666,3.306936630275666,3.306936630275666,inf,0.0
3682,Macadamia nuts,15.0,1.0,1.0,Macadamia nuts,44.377,617.0,MUFA 18:1,G,15.0,15.0,453.592,0.03306936630275666,0.03306936630275666,3.306936630275666,3.306936630275666,0.07451915700195295,13.419368122666668
3683,Macadamia nuts,15.0,1.0,1.0,Macadamia nuts,0.0,263.0,Theobromine,MG,15.0,15.0,453.592,0.03306936630275666,0.03306936630275666,3.306936630275666,3.306936630275666,inf,0.0
3684,Macadamia nuts,15.0,1.0,1.0,Macadamia nuts,11.7,317.0,"Selenium, Se",UG,15.0,15.0,453.592,0.03306936630275666,0.03306936630275666,3.306936630275666,3.306936630275666,0.28264415643381763,3.5380176
3685,Macadamia nuts,15.0,1.0,1.0,Macadamia nuts,8.0,291.0,"Fiber, total dietary",G,15.0,15.0,453.592,0.03306936630275666,0.03306936630275666,3.306936630275666,3.306936630275666,0.4133670787844583,2.419157333333333
3686,Macadamia nuts,15.0,1.0,1.0,Macadamia nuts,0.57,323.0,Vitamin E (alpha-tocopherol),MG,15.0,15.0,453.592,0.03306936630275666,0.03306936630275666,3.306936630275666,3.306936630275666,5.801643211009941,0.17236495999999998
3687,Macadamia nuts,15.0,1.0,1.0,Macadamia nuts,0.0,337.0,Lycopene,UG,15.0,15.0,453.592,0.03306936630275666,0.03306936630275666,3.306936630275666,3.306936630275666,inf,0.0
3688,Macadamia nuts,15.0,1.0,1.0,Macadamia nuts,4.14,269.0,"Sugars, Total",G,15.0,15.0,453.592,0.03306936630275666,0.03306936630275666,3.306936630275666,3.306936630275666,0.7987769638347021,1.25191392
3689,Macadamia nuts,15.0,1.0,1.0,Macadamia nuts,353.0,307.0,"Sodium, Na",MG,15.0,15.0,453.592,0.03306936630275666,0.03306936630275666,3.306936630275666,3.306936630275666,0.009368092437041547,106.74531733333333
3690,Macadamia nuts,15.0,1.0,1.0,Macadamia nuts,0.0,321.0,"Carotene, beta",UG,15.0,15.0,453.592,0.03306936630275666,0.03306936630275666,3.306936630275666,3.306936630275666,inf,0.0
3691,Macadamia nuts,15.0,1.0,1.0,Macadamia nuts,0.0,328.0,Vitamin D (D2 + D3),UG,15.0,15.0,453.592,0.03306936630275666,0.03306936630275666,3.306936630275666,3.306936630275666,inf,0.0
3692,Macadamia nuts,15.0,1.0,1.0,Macadamia nuts,0.0,262.0,Caffeine,MG,15.0,15.0,453.592,0.03306936630275666,0.03306936630275666,3.306936630275666,3.306936630275666,inf,0.0
3693,Macadamia nuts,15.0,1.0,1.0,Macadamia nuts,1.925,628.0,MUFA 20:1,G,15.0,15.0,453.592,0.03306936630275666,0.03306936630275666,3.306936630275666,3.306936630275666,1.7178891585847615,0.5821097333333334
3694,Macadamia nuts,15.0,1.0,1.0,Macadamia nuts,1.303,618.0,PUFA 18:2,G,15.0,15.0,453.592,0.03306936630275666,0.03306936630275666,3.306936630275666,3.306936630275666,2.5379406218539264,0.3940202506666666
3695,Macadamia nuts,15.0,1.0,1.0,Macadamia nuts,0.087,405.0,Riboflavin,MG,15.0,15.0,453.592,0.03306936630275666,0.03306936630275666,3.306936630275666,3.306936630275666,38.010765865237545,0.026308335999999998
3696,Macadamia nuts,15.0,1.0,1.0,Macadamia nuts,0.0,431.0,Folic acid,UG,15.0,15.0,453.592,0.03306936630275666,0.03306936630275666,3.306936630275666,3.306936630275666,inf,0.0
3697,Macadamia nuts,15.0,1.0,1.0,Macadamia nuts,1.498,646.0,"Fatty acids, total polyunsaturated",G,15.0,15.0,453.592,0.03306936630275666,0.03306936630275666,3.306936630275666,3.306936630275666,2.2075678439757453,0.4529872106666667
3698,Macadamia nuts,15.0,1.0,1.0,Macadamia nuts,0.0,607.0,SFA 4:0,G,15.0,15.0,453.592,0.03306936630275666,0.03306936630275666,3.306936630275666,3.306936630275666,inf,0.0
3699,Macadamia nuts,15.0,1.0,1.0,Macadamia nuts,0.57,312.0,"Copper, Cu",MG,15.0,15.0,453.592,0.03306936630275666,0.03306936630275666,3.306936630275666,3.306936630275666,5.801643211009941,0.17236495999999998
3700,Macadamia nuts,15.0,1.0,1.0,Macadamia nuts,0.668,612.0,SFA 14:0,G,15.0,15.0,453.592,0.03306936630275666,0.03306936630275666,3.306936630275666,3.306936630275666,4.950503937538422,0.20199963733333334
3701,Macadamia nuts,15.0,1.0,1.0,Macadamia nuts,0.0,430.0,Vitamin K (phylloquinone),UG,15.0,15.0,453.592,0.03306936630275666,0.03306936630275666,3.306936630275666,3.306936630275666,inf,0.0
3702,Macadamia nuts,15.0,1.0,1.0,Macadamia nuts,0.0,621.0,PUFA 22:6 n-3 (DHA),G,15.0,15.0,453.592,0.03306936630275666,0.03306936630275666,3.306936630275666,3.306936630275666,inf,0.0
3703,Macadamia nuts,15.0,1.0,1.0,Macadamia nuts,0.359,415.0,Vitamin B-6,MG,15.0,15.0,453.592,0.03306936630275666,0.03306936630275666,3.306936630275666,3.306936630275666,9.211522647007428,0.10855968533333334
3704,Macadamia nuts,15.0,1.0,1.0,Macadamia nuts,12.83,205.0,"Carbohydrate, by difference",G,15.0,15.0,453.592,0.03306936630275666,0.03306936630275666,3.306936630275666,3.306936630275666,0.25775032192327874,3.8797235733333335
3705,Macadamia nuts,15.0,1.0,1.0,Macadamia nuts,716.0,208.0,Energy,KCAL,15.0,15.0,453.592,0.03306936630275666,0.03306936630275666,3.306936630275666,3.306936630275666,0.004618626578597299,216.51458133333333
3706,Macadamia nuts,15.0,1.0,1.0,Macadamia nuts,0.0,627.0,PUFA 18:4,G,15.0,15.0,453.592,0.03306936630275666,0.03306936630275666,3.306936630275666,3.306936630275666,inf,0.0
3707,Macadamia nuts,15.0,1.0,1.0,Macadamia nuts,0.0,320.0,"Vitamin A, RAE",UG,15.0,15.0,453.592,0.03306936630275666,0.03306936630275666,3.306936630275666,3.306936630275666,inf,0.0
3708,Macadamia nuts,15.0,1.0,1.0,Macadamia nuts,70.0,301.0,"Calcium, Ca",MG,15.0,15.0,453.592,0.03306936630275666,0.03306936630275666,3.306936630275666,3.306936630275666,0.04724195186108095,21.167626666666667
3709,Macadamia nuts,15.0,1.0,1.0,Macadamia nuts,44.6,421.0,"Choline, total",MG,15.0,15.0,453.592,0.03306936630275666,0.03306936630275666,3.306936630275666,3.306936630275666,0.07414656121694319,13.486802133333335
3710,Macadamia nuts,15.0,1.0,1.0,Macadamia nuts,0.0,608.0,SFA 6:0,G,15.0,15.0,453.592,0.03306936630275666,0.03306936630275666,3.306936630275666,3.306936630275666,inf,0.0
3711,Macadamia nuts,15.0,1.0,1.0,Macadamia nuts,0.0,620.0,PUFA 20:4,G,15.0,15.0,453.592,0.03306936630275666,0.03306936630275666,3.306936630275666,3.306936630275666,inf,0.0
3712,Macadamia nuts,15.0,1.0,1.0,Macadamia nuts,12.725,626.0,MUFA 16:1,G,15.0,15.0,453.592,0.03306936630275666,0.03306936630275666,3.306936630275666,3.306936630275666,0.2598771418684217,3.847972133333333
3713,Cashews,11.55,1.875,1.0,"Cashews, NFS",0.0,631.0,PUFA 22:5 n-3 (DPA),G,6.16,6.16,850.485,0.01358048642833207,0.01358048642833207,1.358048642833207,1.358048642833207,inf,0.0
3714,Cashews,11.55,1.875,1.0,"Cashews, NFS",1.4,406.0,Niacin,MG,6.16,6.16,850.485,0.01358048642833207,0.01358048642833207,1.358048642833207,1.358048642833207,0.9700347448808623,1.0308909090909089
3715,Cashews,11.55,1.875,1.0,"Cashews, NFS",0.0,321.0,"Carotene, beta",UG,6.16,6.16,850.485,0.01358048642833207,0.01358048642833207,1.358048642833207,1.358048642833207,inf,0.0
3716,Cashews,11.55,1.875,1.0,"Cashews, NFS",23.0,338.0,Lutein + zeaxanthin,UG,6.16,6.16,850.485,0.01358048642833207,0.01358048642833207,1.358048642833207,1.358048642833207,0.05904559316666118,16.936064935064934
3717,Cashews,11.55,1.875,1.0,"Cashews, NFS",574.0,208.0,Energy,KCAL,6.16,6.16,850.485,0.01358048642833207,0.01358048642833207,1.358048642833207,1.358048642833207,0.0023659384021484445,422.6652727272727
3718,Cashews,11.55,1.875,1.0,"Cashews, NFS",0.0,601.0,Cholesterol,MG,6.16,6.16,850.485,0.01358048642833207,0.01358048642833207,1.358048642833207,1.358048642833207,inf,0.0
3719,Cashews,11.55,1.875,1.0,"Cashews, NFS",2.972,614.0,SFA 18:0,G,6.16,6.16,850.485,0.01358048642833207,0.01358048642833207,1.358048642833207,1.358048642833207,0.4569477263907157,2.1884341298701298
3720,Cashews,11.55,1.875,1.0,"Cashews, NFS",0.0,620.0,PUFA 20:4,G,6.16,6.16,850.485,0.01358048642833207,0.01358048642833207,1.358048642833207,1.358048642833207,inf,0.0
3721,Cashews,11.55,1.875,1.0,"Cashews, NFS",34.7,430.0,Vitamin K (phylloquinone),UG,6.16,6.16,850.485,0.01358048642833207,0.01358048642833207,1.358048642833207,1.358048642833207,0.03913684849663421,25.551367532467534
3722,Cashews,11.55,1.875,1.0,"Cashews, NFS",7.66,618.0,PUFA 18:2,G,6.16,6.16,850.485,0.01358048642833207,0.01358048642833207,1.358048642833207,1.358048642833207,0.17729094553958316,5.640445974025973
3723,Cashews,11.55,1.875,1.0,"Cashews, NFS",69.0,432.0,"Folate, food",UG,6.16,6.16,850.485,0.01358048642833207,0.01358048642833207,1.358048642833207,1.358048642833207,0.01968186438888706,50.8081948051948
3724,Cashews,11.55,1.875,1.0,"Cashews, NFS",0.0,608.0,SFA 6:0,G,6.16,6.16,850.485,0.01358048642833207,0.01358048642833207,1.358048642833207,1.358048642833207,inf,0.0
3725,Cashews,11.55,1.875,1.0,"Cashews, NFS",61.0,421.0,"Choline, total",MG,6.16,6.16,850.485,0.01358048642833207,0.01358048642833207,1.358048642833207,1.358048642833207,0.02226309250546241,44.917389610389606
3726,Cashews,11.55,1.875,1.0,"Cashews, NFS",15.31,203.0,Protein,G,6.16,6.16,850.485,0.01358048642833207,0.01358048642833207,1.358048642833207,1.358048642833207,0.0887033731439064,11.27352844155844
3727,Cashews,11.55,1.875,1.0,"Cashews, NFS",0.0,607.0,SFA 4:0,G,6.16,6.16,850.485,0.01358048642833207,0.01358048642833207,1.358048642833207,1.358048642833207,inf,0.0
3728,Cashews,11.55,1.875,1.0,"Cashews, NFS",0.161,619.0,PUFA 18:3,G,6.16,6.16,850.485,0.01358048642833207,0.01358048642833207,1.358048642833207,1.358048642833207,8.435084738094453,0.11855245454545454
3729,Cashews,11.55,1.875,1.0,"Cashews, NFS",7.836,646.0,"Fatty acids, total polyunsaturated",G,6.16,6.16,850.485,0.01358048642833207,0.01358048642833207,1.358048642833207,1.358048642833207,0.17330891307212953,5.770043688311688
3730,Cashews,11.55,1.875,1.0,"Cashews, NFS",260.0,304.0,"Magnesium, Mg",MG,6.16,6.16,850.485,0.01358048642833207,0.01358048642833207,1.358048642833207,1.358048642833207,0.00522326401089695,191.45116883116881
3731,Cashews,11.55,1.875,1.0,"Cashews, NFS",46.35,204.0,Total lipid (fat),G,6.16,6.16,850.485,0.01358048642833207,0.01358048642833207,1.358048642833207,1.358048642833207,0.029299862844297885,34.129852597402596
3732,Cashews,11.55,1.875,1.0,"Cashews, NFS",0.139,628.0,MUFA 20:1,G,6.16,6.16,850.485,0.01358048642833207,0.01358048642833207,1.358048642833207,1.358048642833207,9.770134121102208,0.10235274025974025
3733,Cashews,11.55,1.875,1.0,"Cashews, NFS",0.347,612.0,SFA 14:0,G,6.16,6.16,850.485,0.01358048642833207,0.01358048642833207,1.358048642833207,1.358048642833207,3.9136848496634213,0.2555136753246753
3734,Cashews,11.55,1.875,1.0,"Cashews, NFS",0.0,337.0,Lycopene,UG,6.16,6.16,850.485,0.01358048642833207,0.01358048642833207,1.358048642833207,1.358048642833207,inf,0.0
3735,Cashews,11.55,1.875,1.0,"Cashews, NFS",0.92,323.0,Vitamin E (alpha-tocopherol),MG,6.16,6.16,850.485,0.01358048642833207,0.01358048642833207,1.358048642833207,1.358048642833207,1.4761398291665293,0.6774425974025974
3736,Cashews,11.55,1.875,1.0,"Cashews, NFS",0.318,626.0,MUFA 16:1,G,6.16,6.16,850.485,0.01358048642833207,0.01358048642833207,1.358048642833207,1.358048642833207,4.270593216456626,0.23415950649350648
3737,Cashews,11.55,1.875,1.0,"Cashews, NFS",27.317,645.0,"Fatty acids, total monounsaturated",G,6.16,6.16,850.485,0.01358048642833207,0.01358048642833207,1.358048642833207,1.358048642833207,0.049714413838752684,20.114890688311686
3738,Cashews,11.55,1.875,1.0,"Cashews, NFS",11.7,317.0,"Selenium, Se",UG,6.16,6.16,850.485,0.01358048642833207,0.01358048642833207,1.358048642833207,1.358048642833207,0.11607253357548779,8.615302597402597
3739,Cashews,11.55,1.875,1.0,"Cashews, NFS",0.132,609.0,SFA 8:0,G,6.16,6.16,850.485,0.01358048642833207,0.01358048642833207,1.358048642833207,1.358048642833207,10.288247294190962,0.09719828571428571
3740,Cashews,11.55,1.875,1.0,"Cashews, NFS",0.784,611.0,SFA 12:0,G,6.16,6.16,850.485,0.01358048642833207,0.01358048642833207,1.358048642833207,1.358048642833207,1.7322049015729681,0.5772989090909091
3741,Cashews,11.55,1.875,1.0,"Cashews, NFS",0.0,334.0,"Cryptoxanthin, beta",UG,6.16,6.16,850.485,0.01358048642833207,0.01358048642833207,1.358048642833207,1.358048642833207,inf,0.0
3742,Cashews,11.55,1.875,1.0,"Cashews, NFS",9.157,606.0,"Fatty acids, total saturated",G,6.16,6.16,850.485,0.01358048642833207,0.01358048642833207,1.358048642833207,1.358048642833207,0.14830715767535296,6.742762896103896
3743,Cashews,11.55,1.875,1.0,"Cashews, NFS",26.808,617.0,MUFA 18:1,G,6.16,6.16,850.485,0.01358048642833207,0.01358048642833207,1.358048642833207,1.358048642833207,0.050658334931110376,19.740088207792205
3744,Cashews,11.55,1.875,1.0,"Cashews, NFS",69.0,417.0,"Folate, total",UG,6.16,6.16,850.485,0.01358048642833207,0.01358048642833207,1.358048642833207,1.358048642833207,0.01968186438888706,50.8081948051948
3745,Cashews,11.55,1.875,1.0,"Cashews, NFS",0.0,328.0,Vitamin D (D2 + D3),UG,6.16,6.16,850.485,0.01358048642833207,0.01358048642833207,1.358048642833207,1.358048642833207,inf,0.0
3746,Cashews,11.55,1.875,1.0,"Cashews, NFS",0.0,629.0,PUFA 20:5 n-3 (EPA),G,6.16,6.16,850.485,0.01358048642833207,0.01358048642833207,1.358048642833207,1.358048642833207,inf,0.0
3747,Cashews,11.55,1.875,1.0,"Cashews, NFS",0.256,415.0,Vitamin B-6,MG,6.16,6.16,850.485,0.01358048642833207,0.01358048642833207,1.358048642833207,1.358048642833207,5.304877511067215,0.18850576623376622
3748,Cashews,11.55,1.875,1.0,"Cashews, NFS",0.0,319.0,Retinol,UG,6.16,6.16,850.485,0.01358048642833207,0.01358048642833207,1.358048642833207,1.358048642833207,inf,0.0
3749,Cashews,11.55,1.875,1.0,"Cashews, NFS",16.0,307.0,"Sodium, Na",MG,6.16,6.16,850.485,0.01358048642833207,0.01358048642833207,1.358048642833207,1.358048642833207,0.08487804017707544,11.781610389610389
3750,Cashews,11.55,1.875,1.0,"Cashews, NFS",0.0,630.0,MUFA 22:1,G,6.16,6.16,850.485,0.01358048642833207,0.01358048642833207,1.358048642833207,1.358048642833207,inf,0.0
3751,Cashews,11.55,1.875,1.0,"Cashews, NFS",5.6,309.0,"Zinc, Zn",MG,6.16,6.16,850.485,0.01358048642833207,0.01358048642833207,1.358048642833207,1.358048642833207,0.24250868622021557,4.123563636363635
3752,Cashews,11.55,1.875,1.0,"Cashews, NFS",0.2,405.0,Riboflavin,MG,6.16,6.16,850.485,0.01358048642833207,0.01358048642833207,1.358048642833207,1.358048642833207,6.7902432141660345,0.14727012987012986
3753,Cashews,11.55,1.875,1.0,"Cashews, NFS",0.0,221.0,"Alcohol, ethyl",G,6.16,6.16,850.485,0.01358048642833207,0.01358048642833207,1.358048642833207,1.358048642833207,inf,0.0
3754,Cashews,11.55,1.875,1.0,"Cashews, NFS",0.0,262.0,Caffeine,MG,6.16,6.16,850.485,0.01358048642833207,0.01358048642833207,1.358048642833207,1.358048642833207,inf,0.0
3755,Cashews,11.55,1.875,1.0,"Cashews, NFS",0.0,621.0,PUFA 22:6 n-3 (DHA),G,6.16,6.16,850.485,0.01358048642833207,0.01358048642833207,1.358048642833207,1.358048642833207,inf,0.0
3756,Cashews,11.55,1.875,1.0,"Cashews, NFS",0.0,401.0,"Vitamin C, total ascorbic acid",MG,6.16,6.16,850.485,0.01358048642833207,0.01358048642833207,1.358048642833207,1.358048642833207,inf,0.0
3757,Cashews,11.55,1.875,1.0,"Cashews, NFS",69.0,435.0,"Folate, DFE",UG,6.16,6.16,850.485,0.01358048642833207,0.01358048642833207,1.358048642833207,1.358048642833207,0.01968186438888706,50.8081948051948
3758,Cashews,11.55,1.875,1.0,"Cashews, NFS",0.0,322.0,"Carotene, alpha",UG,6.16,6.16,850.485,0.01358048642833207,0.01358048642833207,1.358048642833207,1.358048642833207,inf,0.0
3759,Cashews,11.55,1.875,1.0,"Cashews, NFS",0.0,578.0,"Vitamin B-12, added",UG,6.16,6.16,850.485,0.01358048642833207,0.01358048642833207,1.358048642833207,1.358048642833207,inf,0.0
3760,Cashews,11.55,1.875,1.0,"Cashews, NFS",0.132,610.0,SFA 10:0,G,6.16,6.16,850.485,0.01358048642833207,0.01358048642833207,1.358048642833207,1.358048642833207,10.288247294190962,0.09719828571428571
3761,Cashews,11.55,1.875,1.0,"Cashews, NFS",0.0,263.0,Theobromine,MG,6.16,6.16,850.485,0.01358048642833207,0.01358048642833207,1.358048642833207,1.358048642833207,inf,0.0
3762,Cashews,11.55,1.875,1.0,"Cashews, NFS",6.0,303.0,"Iron, Fe",MG,6.16,6.16,850.485,0.01358048642833207,0.01358048642833207,1.358048642833207,1.358048642833207,0.22634144047220117,4.418103896103895
3763,Cashews,11.55,1.875,1.0,"Cashews, NFS",5.01,269.0,"Sugars, Total",G,6.16,6.16,850.485,0.01358048642833207,0.01358048642833207,1.358048642833207,1.358048642833207,0.2710675933798817,3.689116753246753
3764,Cashews,11.55,1.875,1.0,"Cashews, NFS",0.0,627.0,PUFA 18:4,G,6.16,6.16,850.485,0.01358048642833207,0.01358048642833207,1.358048642833207,1.358048642833207,inf,0.0
3765,Cashews,11.55,1.875,1.0,"Cashews, NFS",0.0,418.0,Vitamin B-12,UG,6.16,6.16,850.485,0.01358048642833207,0.01358048642833207,1.358048642833207,1.358048642833207,inf,0.0
3766,Cashews,11.55,1.875,1.0,"Cashews, NFS",0.0,431.0,Folic acid,UG,6.16,6.16,850.485,0.01358048642833207,0.01358048642833207,1.358048642833207,1.358048642833207,inf,0.0
3767,Cashews,11.55,1.875,1.0,"Cashews, NFS",490.0,305.0,"Phosphorus, P",MG,6.16,6.16,850.485,0.01358048642833207,0.01358048642833207,1.358048642833207,1.358048642833207,0.002771527842516749,360.8118181818182
3768,Cashews,11.55,1.875,1.0,"Cashews, NFS",1.7,255.0,Water,G,6.16,6.16,850.485,0.01358048642833207,0.01358048642833207,1.358048642833207,1.358048642833207,0.7988521428430629,1.2517961038961039
3769,Cashews,11.55,1.875,1.0,"Cashews, NFS",4.351,613.0,SFA 16:0,G,6.16,6.16,850.485,0.01358048642833207,0.01358048642833207,1.358048642833207,1.358048642833207,0.31212333781503265,3.203861675324675
3770,Cashews,11.55,1.875,1.0,"Cashews, NFS",45.0,301.0,"Calcium, Ca",MG,6.16,6.16,850.485,0.01358048642833207,0.01358048642833207,1.358048642833207,1.358048642833207,0.030178858729626824,33.13577922077922
3771,Cashews,11.55,1.875,1.0,"Cashews, NFS",565.0,306.0,"Potassium, K",MG,6.16,6.16,850.485,0.01358048642833207,0.01358048642833207,1.358048642833207,1.358048642833207,0.0024036259165189505,416.03811688311686
3772,Cashews,11.55,1.875,1.0,"Cashews, NFS",3.0,291.0,"Fiber, total dietary",G,6.16,6.16,850.485,0.01358048642833207,0.01358048642833207,1.358048642833207,1.358048642833207,0.45268288094440234,2.2090519480519477
3773,Cashews,11.55,1.875,1.0,"Cashews, NFS",0.0,320.0,"Vitamin A, RAE",UG,6.16,6.16,850.485,0.01358048642833207,0.01358048642833207,1.358048642833207,1.358048642833207,inf,0.0
3774,Cashews,11.55,1.875,1.0,"Cashews, NFS",0.2,404.0,Thiamin,MG,6.16,6.16,850.485,0.01358048642833207,0.01358048642833207,1.358048642833207,1.358048642833207,6.7902432141660345,0.14727012987012986
3775,Cashews,11.55,1.875,1.0,"Cashews, NFS",32.69,205.0,"Carbohydrate, by difference",G,6.16,6.16,850.485,0.01358048642833207,0.01358048642833207,1.358048642833207,1.358048642833207,0.041543243892114015,24.071302727272723
3776,Cashews,11.55,1.875,1.0,"Cashews, NFS",2.22,312.0,"Copper, Cu",MG,6.16,6.16,850.485,0.01358048642833207,0.01358048642833207,1.358048642833207,1.358048642833207,0.611733622897841,1.6346984415584416
3777,Cashews,11.55,1.875,1.0,"Cashews, NFS",0.0,573.0,"Vitamin E, added",MG,6.16,6.16,850.485,0.01358048642833207,0.01358048642833207,1.358048642833207,1.358048642833207,inf,0.0
3778,Walnuts,6.05,1.0,1.0,"Walnuts, excluding honey roasted",0.0,611.0,SFA 12:0,G,6.05,6.05,453.592,0.013337977742111854,0.013337977742111854,1.3337977742111853,1.3337977742111853,inf,0.0
3779,Walnuts,6.05,1.0,1.0,"Walnuts, excluding honey roasted",0.0,319.0,Retinol,UG,6.05,6.05,453.592,0.013337977742111854,0.013337977742111854,1.3337977742111853,1.3337977742111853,inf,0.0
3780,Walnuts,6.05,1.0,1.0,"Walnuts, excluding honey roasted",0.15,405.0,Riboflavin,MG,6.05,6.05,453.592,0.013337977742111854,0.013337977742111854,1.3337977742111853,1.3337977742111853,8.891985161407902,0.112460826446281
3781,Walnuts,6.05,1.0,1.0,"Walnuts, excluding honey roasted",0.0,221.0,"Alcohol, ethyl",G,6.05,6.05,453.592,0.013337977742111854,0.013337977742111854,1.3337977742111853,1.3337977742111853,inf,0.0
3782,Walnuts,6.05,1.0,1.0,"Walnuts, excluding honey roasted",0.0,612.0,SFA 14:0,G,6.05,6.05,453.592,0.013337977742111854,0.013337977742111854,1.3337977742111853,1.3337977742111853,inf,0.0
3783,Walnuts,6.05,1.0,1.0,"Walnuts, excluding honey roasted",38.093,618.0,PUFA 18:2,G,6.05,6.05,453.592,0.013337977742111854,0.013337977742111854,1.3337977742111853,1.3337977742111853,0.035014248660152396,28.55980174545455
3784,Walnuts,6.05,1.0,1.0,"Walnuts, excluding honey roasted",8.799,617.0,MUFA 18:1,G,6.05,6.05,453.592,0.013337977742111854,0.013337977742111854,1.3337977742111853,1.3337977742111853,0.15158515447337031,6.596952079338843
3785,Walnuts,6.05,1.0,1.0,"Walnuts, excluding honey roasted",12.0,321.0,"Carotene, beta",UG,6.05,6.05,453.592,0.013337977742111854,0.013337977742111854,1.3337977742111853,1.3337977742111853,0.11114981451759877,8.99686611570248
3786,Walnuts,6.05,1.0,1.0,"Walnuts, excluding honey roasted",2.0,307.0,"Sodium, Na",MG,6.05,6.05,453.592,0.013337977742111854,0.013337977742111854,1.3337977742111853,1.3337977742111853,0.6668988871055926,1.4994776859504133
3787,Walnuts,6.05,1.0,1.0,"Walnuts, excluding honey roasted",1.586,312.0,"Copper, Cu",MG,6.05,6.05,453.592,0.013337977742111854,0.013337977742111854,1.3337977742111853,1.3337977742111853,0.8409822031596376,1.1890858049586779
3788,Walnuts,6.05,1.0,1.0,"Walnuts, excluding honey roasted",0.0,337.0,Lycopene,UG,6.05,6.05,453.592,0.013337977742111854,0.013337977742111854,1.3337977742111853,1.3337977742111853,inf,0.0
3789,Walnuts,6.05,1.0,1.0,"Walnuts, excluding honey roasted",1.659,614.0,SFA 18:0,G,6.05,6.05,453.592,0.013337977742111854,0.013337977742111854,1.3337977742111853,1.3337977742111853,0.8039769585359766,1.243816740495868
3790,Walnuts,6.05,1.0,1.0,"Walnuts, excluding honey roasted",1.3,401.0,"Vitamin C, total ascorbic acid",MG,6.05,6.05,453.592,0.013337977742111854,0.013337977742111854,1.3337977742111853,1.3337977742111853,1.0259982878547578,0.9746604958677687
3791,Walnuts,6.05,1.0,1.0,"Walnuts, excluding honey roasted",1.0,320.0,"Vitamin A, RAE",UG,6.05,6.05,453.592,0.013337977742111854,0.013337977742111854,1.3337977742111853,1.3337977742111853,1.3337977742111853,0.7497388429752067
3792,Walnuts,6.05,1.0,1.0,"Walnuts, excluding honey roasted",0.0,627.0,PUFA 18:4,G,6.05,6.05,453.592,0.013337977742111854,0.013337977742111854,1.3337977742111853,1.3337977742111853,inf,0.0
3793,Walnuts,6.05,1.0,1.0,"Walnuts, excluding honey roasted",0.0,609.0,SFA 8:0,G,6.05,6.05,453.592,0.013337977742111854,0.013337977742111854,1.3337977742111853,1.3337977742111853,inf,0.0
3794,Walnuts,6.05,1.0,1.0,"Walnuts, excluding honey roasted",0.0,334.0,"Cryptoxanthin, beta",UG,6.05,6.05,453.592,0.013337977742111854,0.013337977742111854,1.3337977742111853,1.3337977742111853,inf,0.0
3795,Walnuts,6.05,1.0,1.0,"Walnuts, excluding honey roasted",4.07,255.0,Water,G,6.05,6.05,453.592,0.013337977742111854,0.013337977742111854,1.3337977742111853,1.3337977742111853,0.32771444083812906,3.0514370909090913
3796,Walnuts,6.05,1.0,1.0,"Walnuts, excluding honey roasted",0.0,263.0,Theobromine,MG,6.05,6.05,453.592,0.013337977742111854,0.013337977742111854,1.3337977742111853,1.3337977742111853,inf,0.0
3797,Walnuts,6.05,1.0,1.0,"Walnuts, excluding honey roasted",8.933,645.0,"Fatty acids, total monounsaturated",G,6.05,6.05,453.592,0.013337977742111854,0.013337977742111854,1.3337977742111853,1.3337977742111853,0.14931129231066667,6.697417084297521
3798,Walnuts,6.05,1.0,1.0,"Walnuts, excluding honey roasted",9.08,619.0,PUFA 18:3,G,6.05,6.05,453.592,0.013337977742111854,0.013337977742111854,1.3337977742111853,1.3337977742111853,0.14689402799682658,6.807628694214877
3799,Walnuts,6.05,1.0,1.0,"Walnuts, excluding honey roasted",0.0,608.0,SFA 6:0,G,6.05,6.05,453.592,0.013337977742111854,0.013337977742111854,1.3337977742111853,1.3337977742111853,inf,0.0
3800,Walnuts,6.05,1.0,1.0,"Walnuts, excluding honey roasted",47.174,646.0,"Fatty acids, total polyunsaturated",G,6.05,6.05,453.592,0.013337977742111854,0.013337977742111854,1.3337977742111853,1.3337977742111853,0.028274002081892256,35.3681801785124
3801,Walnuts,6.05,1.0,1.0,"Walnuts, excluding honey roasted",4.404,613.0,SFA 16:0,G,6.05,6.05,453.592,0.013337977742111854,0.013337977742111854,1.3337977742111853,1.3337977742111853,0.3028605300207051,3.30184986446281
3802,Walnuts,6.05,1.0,1.0,"Walnuts, excluding honey roasted",98.0,301.0,"Calcium, Ca",MG,6.05,6.05,453.592,0.013337977742111854,0.013337977742111854,1.3337977742111853,1.3337977742111853,0.01361018136950189,73.47440661157026
3803,Walnuts,6.05,1.0,1.0,"Walnuts, excluding honey roasted",98.0,432.0,"Folate, food",UG,6.05,6.05,453.592,0.013337977742111854,0.013337977742111854,1.3337977742111853,1.3337977742111853,0.01361018136950189,73.47440661157026
3804,Walnuts,6.05,1.0,1.0,"Walnuts, excluding honey roasted",2.7,430.0,Vitamin K (phylloquinone),UG,6.05,6.05,453.592,0.013337977742111854,0.013337977742111854,1.3337977742111853,1.3337977742111853,0.49399917563377227,2.0242948760330584
3805,Walnuts,6.05,1.0,1.0,"Walnuts, excluding honey roasted",98.0,417.0,"Folate, total",UG,6.05,6.05,453.592,0.013337977742111854,0.013337977742111854,1.3337977742111853,1.3337977742111853,0.01361018136950189,73.47440661157026
3806,Walnuts,6.05,1.0,1.0,"Walnuts, excluding honey roasted",2.61,269.0,"Sugars, Total",G,6.05,6.05,453.592,0.013337977742111854,0.013337977742111854,1.3337977742111853,1.3337977742111853,0.5110336299659713,1.9568183801652894
3807,Walnuts,6.05,1.0,1.0,"Walnuts, excluding honey roasted",346.0,305.0,"Phosphorus, P",MG,6.05,6.05,453.592,0.013337977742111854,0.013337977742111854,1.3337977742111853,1.3337977742111853,0.0038549068618820384,259.4096396694215
3808,Walnuts,6.05,1.0,1.0,"Walnuts, excluding honey roasted",9.0,338.0,Lutein + zeaxanthin,UG,6.05,6.05,453.592,0.013337977742111854,0.013337977742111854,1.3337977742111853,1.3337977742111853,0.1481997526901317,6.74764958677686
3809,Walnuts,6.05,1.0,1.0,"Walnuts, excluding honey roasted",0.0,610.0,SFA 10:0,G,6.05,6.05,453.592,0.013337977742111854,0.013337977742111854,1.3337977742111853,1.3337977742111853,inf,0.0
3810,Walnuts,6.05,1.0,1.0,"Walnuts, excluding honey roasted",0.134,628.0,MUFA 20:1,G,6.05,6.05,453.592,0.013337977742111854,0.013337977742111854,1.3337977742111853,1.3337977742111853,9.953714732919293,0.1004650049586777
3811,Walnuts,6.05,1.0,1.0,"Walnuts, excluding honey roasted",0.537,415.0,Vitamin B-6,MG,6.05,6.05,453.592,0.013337977742111854,0.013337977742111854,1.3337977742111853,1.3337977742111853,2.483794737823436,0.402609758677686
3812,Walnuts,6.05,1.0,1.0,"Walnuts, excluding honey roasted",0.0,573.0,"Vitamin E, added",MG,6.05,6.05,453.592,0.013337977742111854,0.013337977742111854,1.3337977742111853,1.3337977742111853,inf,0.0
3813,Walnuts,6.05,1.0,1.0,"Walnuts, excluding honey roasted",0.0,626.0,MUFA 16:1,G,6.05,6.05,453.592,0.013337977742111854,0.013337977742111854,1.3337977742111853,1.3337977742111853,inf,0.0
3814,Walnuts,6.05,1.0,1.0,"Walnuts, excluding honey roasted",0.7,323.0,Vitamin E (alpha-tocopherol),MG,6.05,6.05,453.592,0.013337977742111854,0.013337977742111854,1.3337977742111853,1.3337977742111853,1.9054253917302648,0.5248171900826446
3815,Walnuts,6.05,1.0,1.0,"Walnuts, excluding honey roasted",65.21,204.0,Total lipid (fat),G,6.05,6.05,453.592,0.013337977742111854,0.013337977742111854,1.3337977742111853,1.3337977742111853,0.020453883978089026,48.89046995041322
3816,Walnuts,6.05,1.0,1.0,"Walnuts, excluding honey roasted",0.0,322.0,"Carotene, alpha",UG,6.05,6.05,453.592,0.013337977742111854,0.013337977742111854,1.3337977742111853,1.3337977742111853,inf,0.0
3817,Walnuts,6.05,1.0,1.0,"Walnuts, excluding honey roasted",3.09,309.0,"Zinc, Zn",MG,6.05,6.05,453.592,0.013337977742111854,0.013337977742111854,1.3337977742111853,1.3337977742111853,0.43164976511688846,2.3166930247933886
3818,Walnuts,6.05,1.0,1.0,"Walnuts, excluding honey roasted",0.0,601.0,Cholesterol,MG,6.05,6.05,453.592,0.013337977742111854,0.013337977742111854,1.3337977742111853,1.3337977742111853,inf,0.0
3819,Walnuts,6.05,1.0,1.0,"Walnuts, excluding honey roasted",0.0,630.0,MUFA 22:1,G,6.05,6.05,453.592,0.013337977742111854,0.013337977742111854,1.3337977742111853,1.3337977742111853,inf,0.0
3820,Walnuts,6.05,1.0,1.0,"Walnuts, excluding honey roasted",0.0,631.0,PUFA 22:5 n-3 (DPA),G,6.05,6.05,453.592,0.013337977742111854,0.013337977742111854,1.3337977742111853,1.3337977742111853,inf,0.0
3821,Walnuts,6.05,1.0,1.0,"Walnuts, excluding honey roasted",654.0,208.0,Energy,KCAL,6.05,6.05,453.592,0.013337977742111854,0.013337977742111854,1.3337977742111853,1.3337977742111853,0.0020394461379375922,490.32920330578514
3822,Walnuts,6.05,1.0,1.0,"Walnuts, excluding honey roasted",0.0,431.0,Folic acid,UG,6.05,6.05,453.592,0.013337977742111854,0.013337977742111854,1.3337977742111853,1.3337977742111853,inf,0.0
3823,Walnuts,6.05,1.0,1.0,"Walnuts, excluding honey roasted",98.0,435.0,"Folate, DFE",UG,6.05,6.05,453.592,0.013337977742111854,0.013337977742111854,1.3337977742111853,1.3337977742111853,0.01361018136950189,73.47440661157026
3824,Walnuts,6.05,1.0,1.0,"Walnuts, excluding honey roasted",0.0,418.0,Vitamin B-12,UG,6.05,6.05,453.592,0.013337977742111854,0.013337977742111854,1.3337977742111853,1.3337977742111853,inf,0.0
3825,Walnuts,6.05,1.0,1.0,"Walnuts, excluding honey roasted",4.9,317.0,"Selenium, Se",UG,6.05,6.05,453.592,0.013337977742111854,0.013337977742111854,1.3337977742111853,1.3337977742111853,0.2722036273900378,3.673720330578513
3826,Walnuts,6.05,1.0,1.0,"Walnuts, excluding honey roasted",0.0,328.0,Vitamin D (D2 + D3),UG,6.05,6.05,453.592,0.013337977742111854,0.013337977742111854,1.3337977742111853,1.3337977742111853,inf,0.0
3827,Walnuts,6.05,1.0,1.0,"Walnuts, excluding honey roasted",0.0,620.0,PUFA 20:4,G,6.05,6.05,453.592,0.013337977742111854,0.013337977742111854,1.3337977742111853,1.3337977742111853,inf,0.0
3828,Walnuts,6.05,1.0,1.0,"Walnuts, excluding honey roasted",0.0,578.0,"Vitamin B-12, added",UG,6.05,6.05,453.592,0.013337977742111854,0.013337977742111854,1.3337977742111853,1.3337977742111853,inf,0.0
3829,Walnuts,6.05,1.0,1.0,"Walnuts, excluding honey roasted",0.0,262.0,Caffeine,MG,6.05,6.05,453.592,0.013337977742111854,0.013337977742111854,1.3337977742111853,1.3337977742111853,inf,0.0
3830,Walnuts,6.05,1.0,1.0,"Walnuts, excluding honey roasted",0.0,607.0,SFA 4:0,G,6.05,6.05,453.592,0.013337977742111854,0.013337977742111854,1.3337977742111853,1.3337977742111853,inf,0.0
3831,Walnuts,6.05,1.0,1.0,"Walnuts, excluding honey roasted",441.0,306.0,"Potassium, K",MG,6.05,6.05,453.592,0.013337977742111854,0.013337977742111854,1.3337977742111853,1.3337977742111853,0.003024484748778198,330.63482975206614
3832,Walnuts,6.05,1.0,1.0,"Walnuts, excluding honey roasted",0.0,629.0,PUFA 20:5 n-3 (EPA),G,6.05,6.05,453.592,0.013337977742111854,0.013337977742111854,1.3337977742111853,1.3337977742111853,inf,0.0
3833,Walnuts,6.05,1.0,1.0,"Walnuts, excluding honey roasted",6.7,291.0,"Fiber, total dietary",G,6.05,6.05,453.592,0.013337977742111854,0.013337977742111854,1.3337977742111853,1.3337977742111853,0.19907429465838586,5.023250247933885
3834,Walnuts,6.05,1.0,1.0,"Walnuts, excluding honey roasted",1.125,406.0,Niacin,MG,6.05,6.05,453.592,0.013337977742111854,0.013337977742111854,1.3337977742111853,1.3337977742111853,1.1855980215210535,0.8434561983471075
3835,Walnuts,6.05,1.0,1.0,"Walnuts, excluding honey roasted",0.341,404.0,Thiamin,MG,6.05,6.05,453.592,0.013337977742111854,0.013337977742111854,1.3337977742111853,1.3337977742111853,3.9114304229067014,0.2556609454545455
3836,Walnuts,6.05,1.0,1.0,"Walnuts, excluding honey roasted",0.0,621.0,PUFA 22:6 n-3 (DHA),G,6.05,6.05,453.592,0.013337977742111854,0.013337977742111854,1.3337977742111853,1.3337977742111853,inf,0.0
3837,Walnuts,6.05,1.0,1.0,"Walnuts, excluding honey roasted",15.23,203.0,Protein,G,6.05,6.05,453.592,0.013337977742111854,0.013337977742111854,1.3337977742111853,1.3337977742111853,0.08757700421609883,11.418522578512398
3838,Walnuts,6.05,1.0,1.0,"Walnuts, excluding honey roasted",6.126,606.0,"Fatty acids, total saturated",G,6.05,6.05,453.592,0.013337977742111854,0.013337977742111854,1.3337977742111853,1.3337977742111853,0.21772735458883205,4.592900152066116
3839,Walnuts,6.05,1.0,1.0,"Walnuts, excluding honey roasted",158.0,304.0,"Magnesium, Mg",MG,6.05,6.05,453.592,0.013337977742111854,0.013337977742111854,1.3337977742111853,1.3337977742111853,0.008441758064627755,118.45873719008266
3840,Walnuts,6.05,1.0,1.0,"Walnuts, excluding honey roasted",39.2,421.0,"Choline, total",MG,6.05,6.05,453.592,0.013337977742111854,0.013337977742111854,1.3337977742111853,1.3337977742111853,0.03402545342375472,29.389762644628103
3841,Walnuts,6.05,1.0,1.0,"Walnuts, excluding honey roasted",2.91,303.0,"Iron, Fe",MG,6.05,6.05,453.592,0.013337977742111854,0.013337977742111854,1.3337977742111853,1.3337977742111853,0.4583497505880362,2.1817400330578516
3842,Walnuts,6.05,1.0,1.0,"Walnuts, excluding honey roasted",13.71,205.0,"Carbohydrate, by difference",G,6.05,6.05,453.592,0.013337977742111854,0.013337977742111854,1.3337977742111853,1.3337977742111853,0.09728648973093984,10.278919537190085
3843,Pumpkin seeds,1.79,0.3125,1.0,"Pumpkin seeds, NFS",0.044,626.0,MUFA 16:1,G,5.728,5.728,141.7475,0.012628088678812677,0.012628088678812677,1.2628088678812677,1.2628088678812677,28.700201542756083,0.034842960893854746
3844,Pumpkin seeds,1.79,0.3125,1.0,"Pumpkin seeds, NFS",14.71,205.0,"Carbohydrate, by difference",G,5.728,5.728,141.7475,0.012628088678812677,0.012628088678812677,1.2628088678812677,1.2628088678812677,0.08584696586548386,11.648635335195532
3845,Pumpkin seeds,1.79,0.3125,1.0,"Pumpkin seeds, NFS",5.0,321.0,"Carotene, beta",UG,5.728,5.728,141.7475,0.012628088678812677,0.012628088678812677,1.2628088678812677,1.2628088678812677,0.25256177357625353,3.959427374301676
3846,Pumpkin seeds,1.79,0.3125,1.0,"Pumpkin seeds, NFS",6.5,291.0,"Fiber, total dietary",G,5.728,5.728,141.7475,0.012628088678812677,0.012628088678812677,1.2628088678812677,1.2628088678812677,0.19427828736634886,5.147255586592179
3847,Pumpkin seeds,1.79,0.3125,1.0,"Pumpkin seeds, NFS",5.191,613.0,SFA 16:0,G,5.728,5.728,141.7475,0.012628088678812677,0.012628088678812677,1.2628088678812677,1.2628088678812677,0.24326890153752026,4.1106775
3848,Pumpkin seeds,1.79,0.3125,1.0,"Pumpkin seeds, NFS",0.15,405.0,Riboflavin,MG,5.728,5.728,141.7475,0.012628088678812677,0.012628088678812677,1.2628088678812677,1.2628088678812677,8.418725785875118,0.11878282122905028
3849,Pumpkin seeds,1.79,0.3125,1.0,"Pumpkin seeds, NFS",0.0,262.0,Caffeine,MG,5.728,5.728,141.7475,0.012628088678812677,0.012628088678812677,1.2628088678812677,1.2628088678812677,inf,0.0
3850,Pumpkin seeds,1.79,0.3125,1.0,"Pumpkin seeds, NFS",0.0,601.0,Cholesterol,MG,5.728,5.728,141.7475,0.012628088678812677,0.012628088678812677,1.2628088678812677,1.2628088678812677,inf,0.0
3851,Pumpkin seeds,1.79,0.3125,1.0,"Pumpkin seeds, NFS",8.07,303.0,"Iron, Fe",MG,5.728,5.728,141.7475,0.012628088678812677,0.012628088678812677,1.2628088678812677,1.2628088678812677,0.15648189193076426,6.390515782122906
3852,Pumpkin seeds,1.79,0.3125,1.0,"Pumpkin seeds, NFS",1174.0,305.0,"Phosphorus, P",MG,5.728,5.728,141.7475,0.012628088678812677,0.012628088678812677,1.2628088678812677,1.2628088678812677,0.001075646395128848,929.6735474860336
3853,Pumpkin seeds,1.79,0.3125,1.0,"Pumpkin seeds, NFS",0.123,620.0,PUFA 20:4,G,5.728,5.728,141.7475,0.012628088678812677,0.012628088678812677,1.2628088678812677,1.2628088678812677,10.266738763262339,0.09740191340782123
3854,Pumpkin seeds,1.79,0.3125,1.0,"Pumpkin seeds, NFS",0.1,415.0,Vitamin B-6,MG,5.728,5.728,141.7475,0.012628088678812677,0.012628088678812677,1.2628088678812677,1.2628088678812677,12.628088678812675,0.07918854748603353
3855,Pumpkin seeds,1.79,0.3125,1.0,"Pumpkin seeds, NFS",8.544,606.0,"Fatty acids, total saturated",G,5.728,5.728,141.7475,0.012628088678812677,0.012628088678812677,1.2628088678812677,1.2628088678812677,0.14780066337561654,6.765869497206705
3856,Pumpkin seeds,1.79,0.3125,1.0,"Pumpkin seeds, NFS",0.0,418.0,Vitamin B-12,UG,5.728,5.728,141.7475,0.012628088678812677,0.012628088678812677,1.2628088678812677,1.2628088678812677,inf,0.0
3857,Pumpkin seeds,1.79,0.3125,1.0,"Pumpkin seeds, NFS",2.913,614.0,SFA 18:0,G,5.728,5.728,141.7475,0.012628088678812677,0.012628088678812677,1.2628088678812677,1.2628088678812677,0.4335080219297177,2.3067623882681563
3858,Pumpkin seeds,1.79,0.3125,1.0,"Pumpkin seeds, NFS",0.0,621.0,PUFA 22:6 n-3 (DHA),G,5.728,5.728,141.7475,0.012628088678812677,0.012628088678812677,1.2628088678812677,1.2628088678812677,inf,0.0
3859,Pumpkin seeds,1.79,0.3125,1.0,"Pumpkin seeds, NFS",0.0,629.0,PUFA 20:5 n-3 (EPA),G,5.728,5.728,141.7475,0.012628088678812677,0.012628088678812677,1.2628088678812677,1.2628088678812677,inf,0.0
3860,Pumpkin seeds,1.79,0.3125,1.0,"Pumpkin seeds, NFS",0.0,607.0,SFA 4:0,G,5.728,5.728,141.7475,0.012628088678812677,0.012628088678812677,1.2628088678812677,1.2628088678812677,inf,0.0
3861,Pumpkin seeds,1.79,0.3125,1.0,"Pumpkin seeds, NFS",0.0,320.0,"Vitamin A, RAE",UG,5.728,5.728,141.7475,0.012628088678812677,0.012628088678812677,1.2628088678812677,1.2628088678812677,inf,0.0
3862,Pumpkin seeds,1.79,0.3125,1.0,"Pumpkin seeds, NFS",57.0,417.0,"Folate, total",UG,5.728,5.728,141.7475,0.012628088678812677,0.012628088678812677,1.2628088678812677,1.2628088678812677,0.022154541541776627,45.137472067039106
3863,Pumpkin seeds,1.79,0.3125,1.0,"Pumpkin seeds, NFS",0.006,611.0,SFA 12:0,G,5.728,5.728,141.7475,0.012628088678812677,0.012628088678812677,1.2628088678812677,1.2628088678812677,210.46814464687793,0.004751312849162011
3864,Pumpkin seeds,1.79,0.3125,1.0,"Pumpkin seeds, NFS",0.0,578.0,"Vitamin B-12, added",UG,5.728,5.728,141.7475,0.012628088678812677,0.012628088678812677,1.2628088678812677,1.2628088678812677,inf,0.0
3865,Pumpkin seeds,1.79,0.3125,1.0,"Pumpkin seeds, NFS",15.734,645.0,"Fatty acids, total monounsaturated",G,5.728,5.728,141.7475,0.012628088678812677,0.012628088678812677,1.2628088678812677,1.2628088678812677,0.08025987465878147,12.459526061452515
3866,Pumpkin seeds,1.79,0.3125,1.0,"Pumpkin seeds, NFS",19.856,646.0,"Fatty acids, total polyunsaturated",G,5.728,5.728,141.7475,0.012628088678812677,0.012628088678812677,1.2628088678812677,1.2628088678812677,0.06359835152504369,15.723677988826818
3867,Pumpkin seeds,1.79,0.3125,1.0,"Pumpkin seeds, NFS",0.007,608.0,SFA 6:0,G,5.728,5.728,141.7475,0.012628088678812677,0.012628088678812677,1.2628088678812677,1.2628088678812677,180.40126684018108,0.005543198324022347
3868,Pumpkin seeds,1.79,0.3125,1.0,"Pumpkin seeds, NFS",1.29,269.0,"Sugars, Total",G,5.728,5.728,141.7475,0.012628088678812677,0.012628088678812677,1.2628088678812677,1.2628088678812677,0.9789216030087347,1.0215322625698324
3869,Pumpkin seeds,1.79,0.3125,1.0,"Pumpkin seeds, NFS",0.0,319.0,Retinol,UG,5.728,5.728,141.7475,0.012628088678812677,0.012628088678812677,1.2628088678812677,1.2628088678812677,inf,0.0
3870,Pumpkin seeds,1.79,0.3125,1.0,"Pumpkin seeds, NFS",52.0,301.0,"Calcium, Ca",MG,5.728,5.728,141.7475,0.012628088678812677,0.012628088678812677,1.2628088678812677,1.2628088678812677,0.024284785920793608,41.17804469273743
3871,Pumpkin seeds,1.79,0.3125,1.0,"Pumpkin seeds, NFS",0.0,431.0,Folic acid,UG,5.728,5.728,141.7475,0.012628088678812677,0.012628088678812677,1.2628088678812677,1.2628088678812677,inf,0.0
3872,Pumpkin seeds,1.79,0.3125,1.0,"Pumpkin seeds, NFS",57.0,435.0,"Folate, DFE",UG,5.728,5.728,141.7475,0.012628088678812677,0.012628088678812677,1.2628088678812677,1.2628088678812677,0.022154541541776627,45.137472067039106
3873,Pumpkin seeds,1.79,0.3125,1.0,"Pumpkin seeds, NFS",18.0,307.0,"Sodium, Na",MG,5.728,5.728,141.7475,0.012628088678812677,0.012628088678812677,1.2628088678812677,1.2628088678812677,0.07015604821562599,14.253938547486035
3874,Pumpkin seeds,1.79,0.3125,1.0,"Pumpkin seeds, NFS",0.07,404.0,Thiamin,MG,5.728,5.728,141.7475,0.012628088678812677,0.012628088678812677,1.2628088678812677,1.2628088678812677,18.04012668401811,0.05543198324022347
3875,Pumpkin seeds,1.79,0.3125,1.0,"Pumpkin seeds, NFS",19.59,618.0,PUFA 18:2,G,5.728,5.728,141.7475,0.012628088678812677,0.012628088678812677,1.2628088678812677,1.2628088678812677,0.06446191260241285,15.513036452513967
3876,Pumpkin seeds,1.79,0.3125,1.0,"Pumpkin seeds, NFS",788.0,306.0,"Potassium, K",MG,5.728,5.728,141.7475,0.012628088678812677,0.012628088678812677,1.2628088678812677,1.2628088678812677,0.0016025493247224208,624.0057541899441
3877,Pumpkin seeds,1.79,0.3125,1.0,"Pumpkin seeds, NFS",0.0,337.0,Lycopene,UG,5.728,5.728,141.7475,0.012628088678812677,0.012628088678812677,1.2628088678812677,1.2628088678812677,inf,0.0
3878,Pumpkin seeds,1.79,0.3125,1.0,"Pumpkin seeds, NFS",0.0,631.0,PUFA 22:5 n-3 (DPA),G,5.728,5.728,141.7475,0.012628088678812677,0.012628088678812677,1.2628088678812677,1.2628088678812677,inf,0.0
3879,Pumpkin seeds,1.79,0.3125,1.0,"Pumpkin seeds, NFS",0.0,328.0,Vitamin D (D2 + D3),UG,5.728,5.728,141.7475,0.012628088678812677,0.012628088678812677,1.2628088678812677,1.2628088678812677,inf,0.0
3880,Pumpkin seeds,1.79,0.3125,1.0,"Pumpkin seeds, NFS",550.0,304.0,"Magnesium, Mg",MG,5.728,5.728,141.7475,0.012628088678812677,0.012628088678812677,1.2628088678812677,1.2628088678812677,0.0022960161234204866,435.5370111731844
3881,Pumpkin seeds,1.79,0.3125,1.0,"Pumpkin seeds, NFS",0.111,619.0,PUFA 18:3,G,5.728,5.728,141.7475,0.012628088678812677,0.012628088678812677,1.2628088678812677,1.2628088678812677,11.376656467398808,0.08789928770949722
3882,Pumpkin seeds,1.79,0.3125,1.0,"Pumpkin seeds, NFS",0.0,627.0,PUFA 18:4,G,5.728,5.728,141.7475,0.012628088678812677,0.012628088678812677,1.2628088678812677,1.2628088678812677,inf,0.0
3883,Pumpkin seeds,1.79,0.3125,1.0,"Pumpkin seeds, NFS",0.002,610.0,SFA 10:0,G,5.728,5.728,141.7475,0.012628088678812677,0.012628088678812677,1.2628088678812677,1.2628088678812677,631.4044339406338,0.0015837709497206706
3884,Pumpkin seeds,1.79,0.3125,1.0,"Pumpkin seeds, NFS",0.001,630.0,MUFA 22:1,G,5.728,5.728,141.7475,0.012628088678812677,0.012628088678812677,1.2628088678812677,1.2628088678812677,1262.8088678812676,0.0007918854748603353
3885,Pumpkin seeds,1.79,0.3125,1.0,"Pumpkin seeds, NFS",574.0,208.0,Energy,KCAL,5.728,5.728,141.7475,0.012628088678812677,0.012628088678812677,1.2628088678812677,1.2628088678812677,0.002200015449270501,454.5422625698324
3886,Pumpkin seeds,1.79,0.3125,1.0,"Pumpkin seeds, NFS",0.56,323.0,Vitamin E (alpha-tocopherol),MG,5.728,5.728,141.7475,0.012628088678812677,0.012628088678812677,1.2628088678812677,1.2628088678812677,2.2550158355022636,0.44345586592178776
3887,Pumpkin seeds,1.79,0.3125,1.0,"Pumpkin seeds, NFS",4.43,406.0,Niacin,MG,5.728,5.728,141.7475,0.012628088678812677,0.012628088678812677,1.2628088678812677,1.2628088678812677,0.28505843518764507,3.508052653631285
3888,Pumpkin seeds,1.79,0.3125,1.0,"Pumpkin seeds, NFS",0.0,221.0,"Alcohol, ethyl",G,5.728,5.728,141.7475,0.012628088678812677,0.012628088678812677,1.2628088678812677,1.2628088678812677,inf,0.0
3889,Pumpkin seeds,1.79,0.3125,1.0,"Pumpkin seeds, NFS",2.03,255.0,Water,G,5.728,5.728,141.7475,0.012628088678812677,0.012628088678812677,1.2628088678812677,1.2628088678812677,0.622073333931659,1.6075275139664804
3890,Pumpkin seeds,1.79,0.3125,1.0,"Pumpkin seeds, NFS",1.0,322.0,"Carotene, alpha",UG,5.728,5.728,141.7475,0.012628088678812677,0.012628088678812677,1.2628088678812677,1.2628088678812677,1.2628088678812677,0.7918854748603352
3891,Pumpkin seeds,1.79,0.3125,1.0,"Pumpkin seeds, NFS",0.058,612.0,SFA 14:0,G,5.728,5.728,141.7475,0.012628088678812677,0.012628088678812677,1.2628088678812677,1.2628088678812677,21.772566687608062,0.045929357541899446
3892,Pumpkin seeds,1.79,0.3125,1.0,"Pumpkin seeds, NFS",0.053,628.0,MUFA 20:1,G,5.728,5.728,141.7475,0.012628088678812677,0.012628088678812677,1.2628088678812677,1.2628088678812677,23.82658241285411,0.041969930167597765
3893,Pumpkin seeds,1.79,0.3125,1.0,"Pumpkin seeds, NFS",0.0,263.0,Theobromine,MG,5.728,5.728,141.7475,0.012628088678812677,0.012628088678812677,1.2628088678812677,1.2628088678812677,inf,0.0
3894,Pumpkin seeds,1.79,0.3125,1.0,"Pumpkin seeds, NFS",9.4,317.0,"Selenium, Se",UG,5.728,5.728,141.7475,0.012628088678812677,0.012628088678812677,1.2628088678812677,1.2628088678812677,0.1343413689235391,7.443723463687151
3895,Pumpkin seeds,1.79,0.3125,1.0,"Pumpkin seeds, NFS",4.5,430.0,Vitamin K (phylloquinone),UG,5.728,5.728,141.7475,0.012628088678812677,0.012628088678812677,1.2628088678812677,1.2628088678812677,0.28062419286250395,3.5634846368715087
3896,Pumpkin seeds,1.79,0.3125,1.0,"Pumpkin seeds, NFS",63.0,421.0,"Choline, total",MG,5.728,5.728,141.7475,0.012628088678812677,0.012628088678812677,1.2628088678812677,1.2628088678812677,0.020044585204464567,49.88878491620112
3897,Pumpkin seeds,1.79,0.3125,1.0,"Pumpkin seeds, NFS",0.002,609.0,SFA 8:0,G,5.728,5.728,141.7475,0.012628088678812677,0.012628088678812677,1.2628088678812677,1.2628088678812677,631.4044339406338,0.0015837709497206706
3898,Pumpkin seeds,1.79,0.3125,1.0,"Pumpkin seeds, NFS",0.0,573.0,"Vitamin E, added",MG,5.728,5.728,141.7475,0.012628088678812677,0.012628088678812677,1.2628088678812677,1.2628088678812677,inf,0.0
3899,Pumpkin seeds,1.79,0.3125,1.0,"Pumpkin seeds, NFS",29.84,203.0,Protein,G,5.728,5.728,141.7475,0.012628088678812677,0.012628088678812677,1.2628088678812677,1.2628088678812677,0.04231933203355455,23.629862569832405
3900,Pumpkin seeds,1.79,0.3125,1.0,"Pumpkin seeds, NFS",57.0,432.0,"Folate, food",UG,5.728,5.728,141.7475,0.012628088678812677,0.012628088678812677,1.2628088678812677,1.2628088678812677,0.022154541541776627,45.137472067039106
3901,Pumpkin seeds,1.79,0.3125,1.0,"Pumpkin seeds, NFS",49.05,204.0,Total lipid (fat),G,5.728,5.728,141.7475,0.012628088678812677,0.012628088678812677,1.2628088678812677,1.2628088678812677,0.025745338794725132,38.84198254189944
3902,Pumpkin seeds,1.79,0.3125,1.0,"Pumpkin seeds, NFS",0.0,334.0,"Cryptoxanthin, beta",UG,5.728,5.728,141.7475,0.012628088678812677,0.012628088678812677,1.2628088678812677,1.2628088678812677,inf,0.0
3903,Pumpkin seeds,1.79,0.3125,1.0,"Pumpkin seeds, NFS",30.0,338.0,Lutein + zeaxanthin,UG,5.728,5.728,141.7475,0.012628088678812677,0.012628088678812677,1.2628088678812677,1.2628088678812677,0.04209362892937559,23.756564245810058
3904,Pumpkin seeds,1.79,0.3125,1.0,"Pumpkin seeds, NFS",15.626,617.0,MUFA 18:1,G,5.728,5.728,141.7475,0.012628088678812677,0.012628088678812677,1.2628088678812677,1.2628088678812677,0.08081459541029487,12.374002430167598
3905,Pumpkin seeds,1.79,0.3125,1.0,"Pumpkin seeds, NFS",7.64,309.0,"Zinc, Zn",MG,5.728,5.728,141.7475,0.012628088678812677,0.012628088678812677,1.2628088678812677,1.2628088678812677,0.16528911883262667,6.050005027932961
3906,Pumpkin seeds,1.79,0.3125,1.0,"Pumpkin seeds, NFS",1.275,312.0,"Copper, Cu",MG,5.728,5.728,141.7475,0.012628088678812677,0.012628088678812677,1.2628088678812677,1.2628088678812677,0.990438327750014,1.0096539804469273
3907,Pumpkin seeds,1.79,0.3125,1.0,"Pumpkin seeds, NFS",1.8,401.0,"Vitamin C, total ascorbic acid",MG,5.728,5.728,141.7475,0.012628088678812677,0.012628088678812677,1.2628088678812677,1.2628088678812677,0.7015604821562598,1.4253938547486034
3908,Sunflower seeds,2.75,1.0,1.0,"Sunflower seeds, NFS",0.0,609.0,SFA 8:0,G,2.75,2.75,453.592,0.0060627171555053885,0.0060627171555053885,0.6062717155505388,0.6062717155505388,inf,0.0
3909,Sunflower seeds,2.75,1.0,1.0,"Sunflower seeds, NFS",0.0,629.0,PUFA 20:5 n-3 (EPA),G,2.75,2.75,453.592,0.0060627171555053885,0.0060627171555053885,0.6062717155505388,0.6062717155505388,inf,0.0
3910,Sunflower seeds,2.75,1.0,1.0,"Sunflower seeds, NFS",2.808,613.0,SFA 16:0,G,2.75,2.75,453.592,0.0060627171555053885,0.0060627171555053885,0.6062717155505388,0.6062717155505388,0.21590873060916627,4.631586676363636
3911,Sunflower seeds,2.75,1.0,1.0,"Sunflower seeds, NFS",0.0,418.0,Vitamin B-12,UG,2.75,2.75,453.592,0.0060627171555053885,0.0060627171555053885,0.6062717155505388,0.6062717155505388,inf,0.0
3912,Sunflower seeds,2.75,1.0,1.0,"Sunflower seeds, NFS",0.0,610.0,SFA 10:0,G,2.75,2.75,453.592,0.0060627171555053885,0.0060627171555053885,0.6062717155505388,0.6062717155505388,inf,0.0
3913,Sunflower seeds,2.75,1.0,1.0,"Sunflower seeds, NFS",0.804,415.0,Vitamin B-6,MG,2.75,2.75,453.592,0.0060627171555053885,0.0060627171555053885,0.6062717155505388,0.6062717155505388,0.7540692979484314,1.3261380654545456
3914,Sunflower seeds,2.75,1.0,1.0,"Sunflower seeds, NFS",0.0,334.0,"Cryptoxanthin, beta",UG,2.75,2.75,453.592,0.0060627171555053885,0.0060627171555053885,0.6062717155505388,0.6062717155505388,inf,0.0
3915,Sunflower seeds,2.75,1.0,1.0,"Sunflower seeds, NFS",0.0,621.0,PUFA 22:6 n-3 (DHA),G,2.75,2.75,453.592,0.0060627171555053885,0.0060627171555053885,0.6062717155505388,0.6062717155505388,inf,0.0
3916,Sunflower seeds,2.75,1.0,1.0,"Sunflower seeds, NFS",32.884,646.0,"Fatty acids, total polyunsaturated",G,2.75,2.75,453.592,0.0060627171555053885,0.0060627171555053885,0.6062717155505388,0.6062717155505388,0.01843667788439785,54.239706647272726
3917,Sunflower seeds,2.75,1.0,1.0,"Sunflower seeds, NFS",0.0,601.0,Cholesterol,MG,2.75,2.75,453.592,0.0060627171555053885,0.0060627171555053885,0.6062717155505388,0.6062717155505388,inf,0.0
3918,Sunflower seeds,2.75,1.0,1.0,"Sunflower seeds, NFS",0.048,628.0,MUFA 20:1,G,2.75,2.75,453.592,0.0060627171555053885,0.0060627171555053885,0.6062717155505388,0.6062717155505388,12.630660740636225,0.07917242181818182
3919,Sunflower seeds,2.75,1.0,1.0,"Sunflower seeds, NFS",0.0,607.0,SFA 4:0,G,2.75,2.75,453.592,0.0060627171555053885,0.0060627171555053885,0.6062717155505388,0.6062717155505388,inf,0.0
3920,Sunflower seeds,2.75,1.0,1.0,"Sunflower seeds, NFS",2.73,269.0,"Sugars, Total",G,2.75,2.75,453.592,0.0060627171555053885,0.0060627171555053885,0.6062717155505388,0.6062717155505388,0.22207755148371386,4.5029314909090905
3921,Sunflower seeds,2.75,1.0,1.0,"Sunflower seeds, NFS",237.0,432.0,"Folate, food",UG,2.75,2.75,453.592,0.0060627171555053885,0.0060627171555053885,0.6062717155505388,0.6062717155505388,0.002558108504432653,390.91383272727273
3922,Sunflower seeds,2.75,1.0,1.0,"Sunflower seeds, NFS",3.0,307.0,"Sodium, Na",MG,2.75,2.75,453.592,0.0060627171555053885,0.0060627171555053885,0.6062717155505388,0.6062717155505388,0.20209057185017962,4.948276363636364
3923,Sunflower seeds,2.75,1.0,1.0,"Sunflower seeds, NFS",0.0,620.0,PUFA 20:4,G,2.75,2.75,453.592,0.0060627171555053885,0.0060627171555053885,0.6062717155505388,0.6062717155505388,inf,0.0
3924,Sunflower seeds,2.75,1.0,1.0,"Sunflower seeds, NFS",9.399,617.0,MUFA 18:1,G,2.75,2.75,453.592,0.0060627171555053885,0.0060627171555053885,0.6062717155505388,0.6062717155505388,0.06450385312804967,15.502949847272726
3925,Sunflower seeds,2.75,1.0,1.0,"Sunflower seeds, NFS",24.07,205.0,"Carbohydrate, by difference",G,2.75,2.75,453.592,0.0060627171555053885,0.0060627171555053885,0.6062717155505388,0.6062717155505388,0.025187856898651384,39.70167069090909
3926,Sunflower seeds,2.75,1.0,1.0,"Sunflower seeds, NFS",3.8,303.0,"Iron, Fe",MG,2.75,2.75,453.592,0.0060627171555053885,0.0060627171555053885,0.6062717155505388,0.6062717155505388,0.1595451883027734,6.267816727272727
3927,Sunflower seeds,2.75,1.0,1.0,"Sunflower seeds, NFS",0.0,573.0,"Vitamin E, added",MG,2.75,2.75,453.592,0.0060627171555053885,0.0060627171555053885,0.6062717155505388,0.6062717155505388,inf,0.0
3928,Sunflower seeds,2.75,1.0,1.0,"Sunflower seeds, NFS",0.0,319.0,Retinol,UG,2.75,2.75,453.592,0.0060627171555053885,0.0060627171555053885,0.6062717155505388,0.6062717155505388,inf,0.0
3929,Sunflower seeds,2.75,1.0,1.0,"Sunflower seeds, NFS",2.212,614.0,SFA 18:0,G,2.75,2.75,453.592,0.0060627171555053885,0.0060627171555053885,0.6062717155505388,0.6062717155505388,0.2740830540463557,3.6485291054545455
3930,Sunflower seeds,2.75,1.0,1.0,"Sunflower seeds, NFS",49.8,204.0,Total lipid (fat),G,2.75,2.75,453.592,0.0060627171555053885,0.0060627171555053885,0.6062717155505388,0.6062717155505388,0.01217413083434817,82.14138763636363
3931,Sunflower seeds,2.75,1.0,1.0,"Sunflower seeds, NFS",0.051,612.0,SFA 14:0,G,2.75,2.75,453.592,0.0060627171555053885,0.0060627171555053885,0.6062717155505388,0.6062717155505388,11.88768069706939,0.08412069818181818
3932,Sunflower seeds,2.75,1.0,1.0,"Sunflower seeds, NFS",0.0,320.0,"Vitamin A, RAE",UG,2.75,2.75,453.592,0.0060627171555053885,0.0060627171555053885,0.6062717155505388,0.6062717155505388,inf,0.0
3933,Sunflower seeds,2.75,1.0,1.0,"Sunflower seeds, NFS",0.246,405.0,Riboflavin,MG,2.75,2.75,453.592,0.0060627171555053885,0.0060627171555053885,0.6062717155505388,0.6062717155505388,2.4645191689046295,0.4057586618181818
3934,Sunflower seeds,2.75,1.0,1.0,"Sunflower seeds, NFS",5.29,309.0,"Zinc, Zn",MG,2.75,2.75,453.592,0.0060627171555053885,0.0060627171555053885,0.6062717155505388,0.6062717155505388,0.11460712959367464,8.725460654545454
3935,Sunflower seeds,2.75,1.0,1.0,"Sunflower seeds, NFS",237.0,417.0,"Folate, total",UG,2.75,2.75,453.592,0.0060627171555053885,0.0060627171555053885,0.6062717155505388,0.6062717155505388,0.002558108504432653,390.91383272727273
3936,Sunflower seeds,2.75,1.0,1.0,"Sunflower seeds, NFS",7.042,406.0,Niacin,MG,2.75,2.75,453.592,0.0060627171555053885,0.0060627171555053885,0.6062717155505388,0.6062717155505388,0.08609368298076382,11.61525405090909
3937,Sunflower seeds,2.75,1.0,1.0,"Sunflower seeds, NFS",0.106,404.0,Thiamin,MG,2.75,2.75,453.592,0.0060627171555053885,0.0060627171555053885,0.6062717155505388,0.6062717155505388,5.719544486325838,0.17483909818181817
3938,Sunflower seeds,2.75,1.0,1.0,"Sunflower seeds, NFS",237.0,435.0,"Folate, DFE",UG,2.75,2.75,453.592,0.0060627171555053885,0.0060627171555053885,0.6062717155505388,0.6062717155505388,0.002558108504432653,390.91383272727273
3939,Sunflower seeds,2.75,1.0,1.0,"Sunflower seeds, NFS",0.0,627.0,PUFA 18:4,G,2.75,2.75,453.592,0.0060627171555053885,0.0060627171555053885,0.6062717155505388,0.6062717155505388,inf,0.0
3940,Sunflower seeds,2.75,1.0,1.0,"Sunflower seeds, NFS",0.0,322.0,"Carotene, alpha",UG,2.75,2.75,453.592,0.0060627171555053885,0.0060627171555053885,0.6062717155505388,0.6062717155505388,inf,0.0
3941,Sunflower seeds,2.75,1.0,1.0,"Sunflower seeds, NFS",2.7,430.0,Vitamin K (phylloquinone),UG,2.75,2.75,453.592,0.0060627171555053885,0.0060627171555053885,0.6062717155505388,0.6062717155505388,0.2245450798335329,4.453448727272727
3942,Sunflower seeds,2.75,1.0,1.0,"Sunflower seeds, NFS",1.83,312.0,"Copper, Cu",MG,2.75,2.75,453.592,0.0060627171555053885,0.0060627171555053885,0.6062717155505388,0.6062717155505388,0.3312960194265239,3.018448581818182
3943,Sunflower seeds,2.75,1.0,1.0,"Sunflower seeds, NFS",0.0,338.0,Lutein + zeaxanthin,UG,2.75,2.75,453.592,0.0060627171555053885,0.0060627171555053885,0.6062717155505388,0.6062717155505388,inf,0.0
3944,Sunflower seeds,2.75,1.0,1.0,"Sunflower seeds, NFS",582.0,208.0,Energy,KCAL,2.75,2.75,453.592,0.0060627171555053885,0.0060627171555053885,0.6062717155505388,0.6062717155505388,0.0010417039786091732,959.9656145454545
3945,Sunflower seeds,2.75,1.0,1.0,"Sunflower seeds, NFS",1155.0,305.0,"Phosphorus, P",MG,2.75,2.75,453.592,0.0060627171555053885,0.0060627171555053885,0.6062717155505388,0.6062717155505388,0.0005249105762342327,1905.0864
3946,Sunflower seeds,2.75,1.0,1.0,"Sunflower seeds, NFS",0.0,630.0,MUFA 22:1,G,2.75,2.75,453.592,0.0060627171555053885,0.0060627171555053885,0.6062717155505388,0.6062717155505388,inf,0.0
3947,Sunflower seeds,2.75,1.0,1.0,"Sunflower seeds, NFS",0.069,619.0,PUFA 18:3,G,2.75,2.75,453.592,0.0060627171555053885,0.0060627171555053885,0.6062717155505388,0.6062717155505388,8.786546602181721,0.11381035636363637
3948,Sunflower seeds,2.75,1.0,1.0,"Sunflower seeds, NFS",26.1,323.0,Vitamin E (alpha-tocopherol),MG,2.75,2.75,453.592,0.0060627171555053885,0.0060627171555053885,0.6062717155505388,0.6062717155505388,0.02322880136208961,43.05000436363636
3949,Sunflower seeds,2.75,1.0,1.0,"Sunflower seeds, NFS",0.0,431.0,Folic acid,UG,2.75,2.75,453.592,0.0060627171555053885,0.0060627171555053885,0.6062717155505388,0.6062717155505388,inf,0.0
3950,Sunflower seeds,2.75,1.0,1.0,"Sunflower seeds, NFS",0.049,626.0,MUFA 16:1,G,2.75,2.75,453.592,0.0060627171555053885,0.0060627171555053885,0.6062717155505388,0.6062717155505388,12.372892154092629,0.08082184727272727
3951,Sunflower seeds,2.75,1.0,1.0,"Sunflower seeds, NFS",55.1,421.0,"Choline, total",MG,2.75,2.75,453.592,0.0060627171555053885,0.0060627171555053885,0.6062717155505388,0.6062717155505388,0.011003116434674026,90.88334254545454
3952,Sunflower seeds,2.75,1.0,1.0,"Sunflower seeds, NFS",0.0,263.0,Theobromine,MG,2.75,2.75,453.592,0.0060627171555053885,0.0060627171555053885,0.6062717155505388,0.6062717155505388,inf,0.0
3953,Sunflower seeds,2.75,1.0,1.0,"Sunflower seeds, NFS",19.33,203.0,Protein,G,2.75,2.75,453.592,0.0060627171555053885,0.0060627171555053885,0.6062717155505388,0.6062717155505388,0.03136428947493734,31.883394036363633
3954,Sunflower seeds,2.75,1.0,1.0,"Sunflower seeds, NFS",0.0,337.0,Lycopene,UG,2.75,2.75,453.592,0.0060627171555053885,0.0060627171555053885,0.6062717155505388,0.6062717155505388,inf,0.0
3955,Sunflower seeds,2.75,1.0,1.0,"Sunflower seeds, NFS",0.0,611.0,SFA 12:0,G,2.75,2.75,453.592,0.0060627171555053885,0.0060627171555053885,0.6062717155505388,0.6062717155505388,inf,0.0
3956,Sunflower seeds,2.75,1.0,1.0,"Sunflower seeds, NFS",5.219,606.0,"Fatty acids, total saturated",G,2.75,2.75,453.592,0.0060627171555053885,0.0060627171555053885,0.6062717155505388,0.6062717155505388,0.11616626088341421,8.608351447272728
3957,Sunflower seeds,2.75,1.0,1.0,"Sunflower seeds, NFS",0.0,262.0,Caffeine,MG,2.75,2.75,453.592,0.0060627171555053885,0.0060627171555053885,0.6062717155505388,0.6062717155505388,inf,0.0
3958,Sunflower seeds,2.75,1.0,1.0,"Sunflower seeds, NFS",850.0,306.0,"Potassium, K",MG,2.75,2.75,453.592,0.0060627171555053885,0.0060627171555053885,0.6062717155505388,0.6062717155505388,0.0007132608418241633,1402.0116363636364
3959,Sunflower seeds,2.75,1.0,1.0,"Sunflower seeds, NFS",0.0,328.0,Vitamin D (D2 + D3),UG,2.75,2.75,453.592,0.0060627171555053885,0.0060627171555053885,0.6062717155505388,0.6062717155505388,inf,0.0
3960,Sunflower seeds,2.75,1.0,1.0,"Sunflower seeds, NFS",32.782,618.0,PUFA 18:2,G,2.75,2.75,453.592,0.0060627171555053885,0.0060627171555053885,0.6062717155505388,0.6062717155505388,0.018494042936689003,54.071465250909085
3961,Sunflower seeds,2.75,1.0,1.0,"Sunflower seeds, NFS",0.0,578.0,"Vitamin B-12, added",UG,2.75,2.75,453.592,0.0060627171555053885,0.0060627171555053885,0.6062717155505388,0.6062717155505388,inf,0.0
3962,Sunflower seeds,2.75,1.0,1.0,"Sunflower seeds, NFS",5.0,321.0,"Carotene, beta",UG,2.75,2.75,453.592,0.0060627171555053885,0.0060627171555053885,0.6062717155505388,0.6062717155505388,0.12125434311010777,8.247127272727273
3963,Sunflower seeds,2.75,1.0,1.0,"Sunflower seeds, NFS",79.3,317.0,"Selenium, Se",UG,2.75,2.75,453.592,0.0060627171555053885,0.0060627171555053885,0.6062717155505388,0.6062717155505388,0.007645292755996707,130.79943854545454
3964,Sunflower seeds,2.75,1.0,1.0,"Sunflower seeds, NFS",9.505,645.0,"Fatty acids, total monounsaturated",G,2.75,2.75,453.592,0.0060627171555053885,0.0060627171555053885,0.6062717155505388,0.6062717155505388,0.06378450452925184,15.677788945454546
3965,Sunflower seeds,2.75,1.0,1.0,"Sunflower seeds, NFS",129.0,304.0,"Magnesium, Mg",MG,2.75,2.75,453.592,0.0060627171555053885,0.0060627171555053885,0.6062717155505388,0.6062717155505388,0.004699780740701851,212.77588363636363
3966,Sunflower seeds,2.75,1.0,1.0,"Sunflower seeds, NFS",0.0,221.0,"Alcohol, ethyl",G,2.75,2.75,453.592,0.0060627171555053885,0.0060627171555053885,0.6062717155505388,0.6062717155505388,inf,0.0
3967,Sunflower seeds,2.75,1.0,1.0,"Sunflower seeds, NFS",1.2,255.0,Water,G,2.75,2.75,453.592,0.0060627171555053885,0.0060627171555053885,0.6062717155505388,0.6062717155505388,0.5052264296254491,1.9793105454545454
3968,Sunflower seeds,2.75,1.0,1.0,"Sunflower seeds, NFS",1.4,401.0,"Vitamin C, total ascorbic acid",MG,2.75,2.75,453.592,0.0060627171555053885,0.0060627171555053885,0.6062717155505388,0.6062717155505388,0.43305122539324203,2.3091956363636363
3969,Sunflower seeds,2.75,1.0,1.0,"Sunflower seeds, NFS",0.0,631.0,PUFA 22:5 n-3 (DPA),G,2.75,2.75,453.592,0.0060627171555053885,0.0060627171555053885,0.6062717155505388,0.6062717155505388,inf,0.0
3970,Sunflower seeds,2.75,1.0,1.0,"Sunflower seeds, NFS",70.0,301.0,"Calcium, Ca",MG,2.75,2.75,453.592,0.0060627171555053885,0.0060627171555053885,0.6062717155505388,0.6062717155505388,0.00866102450786484,115.45978181818181
3971,Sunflower seeds,2.75,1.0,1.0,"Sunflower seeds, NFS",0.0,608.0,SFA 6:0,G,2.75,2.75,453.592,0.0060627171555053885,0.0060627171555053885,0.6062717155505388,0.6062717155505388,inf,0.0
3972,Sunflower seeds,2.75,1.0,1.0,"Sunflower seeds, NFS",11.1,291.0,"Fiber, total dietary",G,2.75,2.75,453.592,0.0060627171555053885,0.0060627171555053885,0.6062717155505388,0.6062717155505388,0.054619073473021515,18.308622545454543
3973,Chia seeds,17.99,2.0,1.0,Chia seeds,78.7,421.0,"Choline, total",MG,8.995,8.995,907.184,0.019830596659553078,0.019830596659553078,1.9830596659553077,1.9830596659553077,0.025197708589012803,39.68614830461368
3974,Chia seeds,17.99,2.0,1.0,Chia seeds,0.03,612.0,SFA 14:0,G,8.995,8.995,907.184,0.019830596659553078,0.019830596659553078,1.9830596659553077,1.9830596659553077,66.10198886517692,0.015128137854363536
3975,Chia seeds,17.99,2.0,1.0,Chia seeds,860.0,305.0,"Phosphorus, P",MG,8.995,8.995,907.184,0.019830596659553078,0.019830596659553078,1.9830596659553077,1.9830596659553077,0.002305883332506172,433.6732851584214
3976,Chia seeds,17.99,2.0,1.0,Chia seeds,0.0,431.0,Folic acid,UG,8.995,8.995,907.184,0.019830596659553078,0.019830596659553078,1.9830596659553077,1.9830596659553077,inf,0.0
3977,Chia seeds,17.99,2.0,1.0,Chia seeds,0.0,418.0,Vitamin B-12,UG,8.995,8.995,907.184,0.019830596659553078,0.019830596659553078,1.9830596659553077,1.9830596659553077,inf,0.0
3978,Chia seeds,17.99,2.0,1.0,Chia seeds,4.3,430.0,Vitamin K (phylloquinone),UG,8.995,8.995,907.184,0.019830596659553078,0.019830596659553078,1.9830596659553077,1.9830596659553077,0.46117666650123434,2.1683664257921067
3979,Chia seeds,17.99,2.0,1.0,Chia seeds,0.912,614.0,SFA 18:0,G,8.995,8.995,907.184,0.019830596659553078,0.019830596659553078,1.9830596659553077,1.9830596659553077,2.174407528459767,0.4598953907726515
3980,Chia seeds,17.99,2.0,1.0,Chia seeds,0.0,608.0,SFA 6:0,G,8.995,8.995,907.184,0.019830596659553078,0.019830596659553078,1.9830596659553077,1.9830596659553077,inf,0.0
3981,Chia seeds,17.99,2.0,1.0,Chia seeds,486.0,208.0,Energy,KCAL,8.995,8.995,907.184,0.019830596659553078,0.019830596659553078,1.9830596659553077,1.9830596659553077,0.004080369683035613,245.0758332406893
3982,Chia seeds,17.99,2.0,1.0,Chia seeds,0.0,263.0,Theobromine,MG,8.995,8.995,907.184,0.019830596659553078,0.019830596659553078,1.9830596659553077,1.9830596659553077,inf,0.0
3983,Chia seeds,17.99,2.0,1.0,Chia seeds,0.0,262.0,Caffeine,MG,8.995,8.995,907.184,0.019830596659553078,0.019830596659553078,1.9830596659553077,1.9830596659553077,inf,0.0
3984,Chia seeds,17.99,2.0,1.0,Chia seeds,0.0,621.0,PUFA 22:6 n-3 (DHA),G,8.995,8.995,907.184,0.019830596659553078,0.019830596659553078,1.9830596659553077,1.9830596659553077,inf,0.0
3985,Chia seeds,17.99,2.0,1.0,Chia seeds,0.0,609.0,SFA 8:0,G,8.995,8.995,907.184,0.019830596659553078,0.019830596659553078,1.9830596659553077,1.9830596659553077,inf,0.0
3986,Chia seeds,17.99,2.0,1.0,Chia seeds,0.0,627.0,PUFA 18:4,G,8.995,8.995,907.184,0.019830596659553078,0.019830596659553078,1.9830596659553077,1.9830596659553077,inf,0.0
3987,Chia seeds,17.99,2.0,1.0,Chia seeds,3.33,606.0,"Fatty acids, total saturated",G,8.995,8.995,907.184,0.019830596659553078,0.019830596659553078,1.9830596659553077,1.9830596659553077,0.5955134131997921,1.6792233018343525
3988,Chia seeds,17.99,2.0,1.0,Chia seeds,49.0,432.0,"Folate, food",UG,8.995,8.995,907.184,0.019830596659553078,0.019830596659553078,1.9830596659553077,1.9830596659553077,0.04047060542765934,24.709291828793777
3989,Chia seeds,17.99,2.0,1.0,Chia seeds,2.17,613.0,SFA 16:0,G,8.995,8.995,907.184,0.019830596659553078,0.019830596659553078,1.9830596659553077,1.9830596659553077,0.9138523806245658,1.0942686381322957
3990,Chia seeds,17.99,2.0,1.0,Chia seeds,42.12,205.0,"Carbohydrate, by difference",G,8.995,8.995,907.184,0.019830596659553078,0.019830596659553078,1.9830596659553077,1.9830596659553077,0.047081188650410916,21.239905547526405
3991,Chia seeds,17.99,2.0,1.0,Chia seeds,1.55,269.0,"Sugars, Total",G,8.995,8.995,907.184,0.019830596659553078,0.019830596659553078,1.9830596659553077,1.9830596659553077,1.279393332874392,0.7816204558087827
3992,Chia seeds,17.99,2.0,1.0,Chia seeds,16.0,307.0,"Sodium, Na",MG,8.995,8.995,907.184,0.019830596659553078,0.019830596659553078,1.9830596659553077,1.9830596659553077,0.12394122912220673,8.068340188993886
3993,Chia seeds,17.99,2.0,1.0,Chia seeds,2.203,617.0,MUFA 18:1,G,8.995,8.995,907.184,0.019830596659553078,0.019830596659553078,1.9830596659553077,1.9830596659553077,0.9001632618952827,1.1109095897720955
3994,Chia seeds,17.99,2.0,1.0,Chia seeds,0.0,620.0,PUFA 20:4,G,8.995,8.995,907.184,0.019830596659553078,0.019830596659553078,1.9830596659553077,1.9830596659553077,inf,0.0
3995,Chia seeds,17.99,2.0,1.0,Chia seeds,1.6,401.0,"Vitamin C, total ascorbic acid",MG,8.995,8.995,907.184,0.019830596659553078,0.019830596659553078,1.9830596659553077,1.9830596659553077,1.2394122912220673,0.8068340188993887
3996,Chia seeds,17.99,2.0,1.0,Chia seeds,55.2,317.0,"Selenium, Se",UG,8.995,8.995,907.184,0.019830596659553078,0.019830596659553078,1.9830596659553077,1.9830596659553077,0.03592499394846572,27.83577365202891
3997,Chia seeds,17.99,2.0,1.0,Chia seeds,4.58,309.0,"Zinc, Zn",MG,8.995,8.995,907.184,0.019830596659553078,0.019830596659553078,1.9830596659553077,1.9830596659553077,0.4329824598155694,2.3095623790995
3998,Chia seeds,17.99,2.0,1.0,Chia seeds,0.0,578.0,"Vitamin B-12, added",UG,8.995,8.995,907.184,0.019830596659553078,0.019830596659553078,1.9830596659553077,1.9830596659553077,inf,0.0
3999,Chia seeds,17.99,2.0,1.0,Chia seeds,17.83,619.0,PUFA 18:3,G,8.995,8.995,907.184,0.019830596659553078,0.019830596659553078,1.9830596659553077,1.9830596659553077,0.11122039629586696,8.991156598110061
4000,Chia seeds,17.99,2.0,1.0,Chia seeds,0.0,328.0,Vitamin D (D2 + D3),UG,8.995,8.995,907.184,0.019830596659553078,0.019830596659553078,1.9830596659553077,1.9830596659553077,inf,0.0
4001,Chia seeds,17.99,2.0,1.0,Chia seeds,34.4,291.0,"Fiber, total dietary",G,8.995,8.995,907.184,0.019830596659553078,0.019830596659553078,1.9830596659553077,1.9830596659553077,0.05764708331265429,17.346931406336854
4002,Chia seeds,17.99,2.0,1.0,Chia seeds,23.665,646.0,"Fatty acids, total polyunsaturated",G,8.995,8.995,907.184,0.019830596659553078,0.019830596659553078,1.9830596659553077,1.9830596659553077,0.08379715469914675,11.93357941078377
4003,Chia seeds,17.99,2.0,1.0,Chia seeds,5.835,618.0,PUFA 18:2,G,8.995,8.995,907.184,0.019830596659553078,0.019830596659553078,1.9830596659553077,1.9830596659553077,0.3398559838826577,2.942422812673708
4004,Chia seeds,17.99,2.0,1.0,Chia seeds,0.0,610.0,SFA 10:0,G,8.995,8.995,907.184,0.019830596659553078,0.019830596659553078,1.9830596659553077,1.9830596659553077,inf,0.0
4005,Chia seeds,17.99,2.0,1.0,Chia seeds,0.0,319.0,Retinol,UG,8.995,8.995,907.184,0.019830596659553078,0.019830596659553078,1.9830596659553077,1.9830596659553077,inf,0.0
4006,Chia seeds,17.99,2.0,1.0,Chia seeds,2.309,645.0,"Fatty acids, total monounsaturated",G,8.995,8.995,907.184,0.019830596659553078,0.019830596659553078,1.9830596659553077,1.9830596659553077,0.8588391797121298,1.1643623435241803
4007,Chia seeds,17.99,2.0,1.0,Chia seeds,7.72,303.0,"Iron, Fe",MG,8.995,8.995,907.184,0.019830596659553078,0.019830596659553078,1.9830596659553077,1.9830596659553077,0.2568730137247808,3.89297414118955
4008,Chia seeds,17.99,2.0,1.0,Chia seeds,0.0,629.0,PUFA 20:5 n-3 (EPA),G,8.995,8.995,907.184,0.019830596659553078,0.019830596659553078,1.9830596659553077,1.9830596659553077,inf,0.0
4009,Chia seeds,17.99,2.0,1.0,Chia seeds,0.62,404.0,Thiamin,MG,8.995,8.995,907.184,0.019830596659553078,0.019830596659553078,1.9830596659553077,1.9830596659553077,3.19848333218598,0.3126481823235131
4010,Chia seeds,17.99,2.0,1.0,Chia seeds,0.0,321.0,"Carotene, beta",UG,8.995,8.995,907.184,0.019830596659553078,0.019830596659553078,1.9830596659553077,1.9830596659553077,inf,0.0
4011,Chia seeds,17.99,2.0,1.0,Chia seeds,16.54,203.0,Protein,G,8.995,8.995,907.184,0.019830596659553078,0.019830596659553078,1.9830596659553077,1.9830596659553077,0.1198947802875035,8.34064667037243
4012,Chia seeds,17.99,2.0,1.0,Chia seeds,0.0,322.0,"Carotene, alpha",UG,8.995,8.995,907.184,0.019830596659553078,0.019830596659553078,1.9830596659553077,1.9830596659553077,inf,0.0
4013,Chia seeds,17.99,2.0,1.0,Chia seeds,0.0,337.0,Lycopene,UG,8.995,8.995,907.184,0.019830596659553078,0.019830596659553078,1.9830596659553077,1.9830596659553077,inf,0.0
4014,Chia seeds,17.99,2.0,1.0,Chia seeds,0.029,626.0,MUFA 16:1,G,8.995,8.995,907.184,0.019830596659553078,0.019830596659553078,1.9830596659553077,1.9830596659553077,68.38136779156233,0.014623866592551419
4015,Chia seeds,17.99,2.0,1.0,Chia seeds,0.0,221.0,"Alcohol, ethyl",G,8.995,8.995,907.184,0.019830596659553078,0.019830596659553078,1.9830596659553077,1.9830596659553077,inf,0.0
4016,Chia seeds,17.99,2.0,1.0,Chia seeds,0.924,312.0,"Copper, Cu",MG,8.995,8.995,907.184,0.019830596659553078,0.019830596659553078,1.9830596659553077,1.9830596659553077,2.146168469648601,0.46594664591439694
4017,Chia seeds,17.99,2.0,1.0,Chia seeds,5.8,255.0,Water,G,8.995,8.995,907.184,0.019830596659553078,0.019830596659553078,1.9830596659553077,1.9830596659553077,0.34190683895781165,2.9247733185102835
4018,Chia seeds,17.99,2.0,1.0,Chia seeds,0.0,631.0,PUFA 22:5 n-3 (DPA),G,8.995,8.995,907.184,0.019830596659553078,0.019830596659553078,1.9830596659553077,1.9830596659553077,inf,0.0
4019,Chia seeds,17.99,2.0,1.0,Chia seeds,0.046,628.0,MUFA 20:1,G,8.995,8.995,907.184,0.019830596659553078,0.019830596659553078,1.9830596659553077,1.9830596659553077,43.109992738158866,0.02319647804335742
4020,Chia seeds,17.99,2.0,1.0,Chia seeds,8.83,406.0,Niacin,MG,8.995,8.995,907.184,0.019830596659553078,0.019830596659553078,1.9830596659553077,1.9830596659553077,0.22458206862461016,4.452715241801001
4021,Chia seeds,17.99,2.0,1.0,Chia seeds,0.0,601.0,Cholesterol,MG,8.995,8.995,907.184,0.019830596659553078,0.019830596659553078,1.9830596659553077,1.9830596659553077,inf,0.0
4022,Chia seeds,17.99,2.0,1.0,Chia seeds,0.0,573.0,"Vitamin E, added",MG,8.995,8.995,907.184,0.019830596659553078,0.019830596659553078,1.9830596659553077,1.9830596659553077,inf,0.0
4023,Chia seeds,17.99,2.0,1.0,Chia seeds,0.5,323.0,Vitamin E (alpha-tocopherol),MG,8.995,8.995,907.184,0.019830596659553078,0.019830596659553078,1.9830596659553077,1.9830596659553077,3.9661193319106154,0.25213563090605895
4024,Chia seeds,17.99,2.0,1.0,Chia seeds,49.0,435.0,"Folate, DFE",UG,8.995,8.995,907.184,0.019830596659553078,0.019830596659553078,1.9830596659553077,1.9830596659553077,0.04047060542765934,24.709291828793777
4025,Chia seeds,17.99,2.0,1.0,Chia seeds,0.0,611.0,SFA 12:0,G,8.995,8.995,907.184,0.019830596659553078,0.019830596659553078,1.9830596659553077,1.9830596659553077,inf,0.0
4026,Chia seeds,17.99,2.0,1.0,Chia seeds,407.0,306.0,"Potassium, K",MG,8.995,8.995,907.184,0.019830596659553078,0.019830596659553078,1.9830596659553077,1.9830596659553077,0.0048723824716346625,205.23840355753197
4027,Chia seeds,17.99,2.0,1.0,Chia seeds,0.17,405.0,Riboflavin,MG,8.995,8.995,907.184,0.019830596659553078,0.019830596659553078,1.9830596659553077,1.9830596659553077,11.665056858560632,0.08572611450806004
4028,Chia seeds,17.99,2.0,1.0,Chia seeds,0.0,320.0,"Vitamin A, RAE",UG,8.995,8.995,907.184,0.019830596659553078,0.019830596659553078,1.9830596659553077,1.9830596659553077,inf,0.0
4029,Chia seeds,17.99,2.0,1.0,Chia seeds,0.0,338.0,Lutein + zeaxanthin,UG,8.995,8.995,907.184,0.019830596659553078,0.019830596659553078,1.9830596659553077,1.9830596659553077,inf,0.0
4030,Chia seeds,17.99,2.0,1.0,Chia seeds,30.74,204.0,Total lipid (fat),G,8.995,8.995,907.184,0.019830596659553078,0.019830596659553078,1.9830596659553077,1.9830596659553077,0.06451072433166258,15.501298588104502
4031,Chia seeds,17.99,2.0,1.0,Chia seeds,49.0,417.0,"Folate, total",UG,8.995,8.995,907.184,0.019830596659553078,0.019830596659553078,1.9830596659553077,1.9830596659553077,0.04047060542765934,24.709291828793777
4032,Chia seeds,17.99,2.0,1.0,Chia seeds,335.0,304.0,"Magnesium, Mg",MG,8.995,8.995,907.184,0.019830596659553078,0.019830596659553078,1.9830596659553077,1.9830596659553077,0.005919581092403903,168.93087270705948
4033,Chia seeds,17.99,2.0,1.0,Chia seeds,0.013,630.0,MUFA 22:1,G,8.995,8.995,907.184,0.019830596659553078,0.019830596659553078,1.9830596659553077,1.9830596659553077,152.54305122733138,0.006555526403557532
4034,Chia seeds,17.99,2.0,1.0,Chia seeds,631.0,301.0,"Calcium, Ca",MG,8.995,8.995,907.184,0.019830596659553078,0.019830596659553078,1.9830596659553077,1.9830596659553077,0.0031427253026233086,318.1951662034464
4035,Chia seeds,17.99,2.0,1.0,Chia seeds,0.473,415.0,Vitamin B-6,MG,8.995,8.995,907.184,0.019830596659553078,0.019830596659553078,1.9830596659553077,1.9830596659553077,4.192515150011221,0.23852030683713174
4036,Chia seeds,17.99,2.0,1.0,Chia seeds,0.0,607.0,SFA 4:0,G,8.995,8.995,907.184,0.019830596659553078,0.019830596659553078,1.9830596659553077,1.9830596659553077,inf,0.0
4037,Chia seeds,17.99,2.0,1.0,Chia seeds,0.0,334.0,"Cryptoxanthin, beta",UG,8.995,8.995,907.184,0.019830596659553078,0.019830596659553078,1.9830596659553077,1.9830596659553077,inf,0.0
4038,Avocados,1.6,1.0,1.0,"Avocado, raw",81.0,432.0,"Folate, food",UG,1.6,1.6,453.592,0.003527399072294044,0.003527399072294044,0.3527399072294044,0.3527399072294044,0.00435481366949882,229.63094999999998
4039,Avocados,1.6,1.0,1.0,"Avocado, raw",160.0,208.0,Energy,KCAL,1.6,1.6,453.592,0.003527399072294044,0.003527399072294044,0.3527399072294044,0.3527399072294044,0.0022046244201837776,453.592
4040,Avocados,1.6,1.0,1.0,"Avocado, raw",0.0,328.0,Vitamin D (D2 + D3),UG,1.6,1.6,453.592,0.003527399072294044,0.003527399072294044,0.3527399072294044,0.3527399072294044,inf,0.0
4041,Avocados,1.6,1.0,1.0,"Avocado, raw",0.64,309.0,"Zinc, Zn",MG,1.6,1.6,453.592,0.003527399072294044,0.003527399072294044,0.3527399072294044,0.3527399072294044,0.5511561050459444,1.814368
4042,Avocados,1.6,1.0,1.0,"Avocado, raw",81.0,435.0,"Folate, DFE",UG,1.6,1.6,453.592,0.003527399072294044,0.003527399072294044,0.3527399072294044,0.3527399072294044,0.00435481366949882,229.63094999999998
4043,Avocados,1.6,1.0,1.0,"Avocado, raw",0.0,431.0,Folic acid,UG,1.6,1.6,453.592,0.003527399072294044,0.003527399072294044,0.3527399072294044,0.3527399072294044,inf,0.0
4044,Avocados,1.6,1.0,1.0,"Avocado, raw",0.13,405.0,Riboflavin,MG,1.6,1.6,453.592,0.003527399072294044,0.003527399072294044,0.3527399072294044,0.3527399072294044,2.713383901764649,0.3685435
4045,Avocados,1.6,1.0,1.0,"Avocado, raw",14.66,204.0,Total lipid (fat),G,1.6,1.6,453.592,0.003527399072294044,0.003527399072294044,0.3527399072294044,0.3527399072294044,0.02406138521346551,41.560367
4046,Avocados,1.6,1.0,1.0,"Avocado, raw",81.0,417.0,"Folate, total",UG,1.6,1.6,453.592,0.003527399072294044,0.003527399072294044,0.3527399072294044,0.3527399072294044,0.00435481366949882,229.63094999999998
4047,Avocados,1.6,1.0,1.0,"Avocado, raw",271.0,338.0,Lutein + zeaxanthin,UG,1.6,1.6,453.592,0.003527399072294044,0.003527399072294044,0.3527399072294044,0.3527399072294044,0.0013016232739092414,768.27145
4048,Avocados,1.6,1.0,1.0,"Avocado, raw",0.0,630.0,MUFA 22:1,G,1.6,1.6,453.592,0.003527399072294044,0.003527399072294044,0.3527399072294044,0.3527399072294044,inf,0.0
4049,Avocados,1.6,1.0,1.0,"Avocado, raw",0.0,607.0,SFA 4:0,G,1.6,1.6,453.592,0.003527399072294044,0.003527399072294044,0.3527399072294044,0.3527399072294044,inf,0.0
4050,Avocados,1.6,1.0,1.0,"Avocado, raw",0.049,614.0,SFA 18:0,G,1.6,1.6,453.592,0.003527399072294044,0.003527399072294044,0.3527399072294044,0.3527399072294044,7.19877361692662,0.13891255
4051,Avocados,1.6,1.0,1.0,"Avocado, raw",0.19,312.0,"Copper, Cu",MG,1.6,1.6,453.592,0.003527399072294044,0.003527399072294044,0.3527399072294044,0.3527399072294044,1.856525827523181,0.5386405
4052,Avocados,1.6,1.0,1.0,"Avocado, raw",0.025,628.0,MUFA 20:1,G,1.6,1.6,453.592,0.003527399072294044,0.003527399072294044,0.3527399072294044,0.3527399072294044,14.109596289176176,0.07087375
4053,Avocados,1.6,1.0,1.0,"Avocado, raw",1.738,406.0,Niacin,MG,1.6,1.6,453.592,0.003527399072294044,0.003527399072294044,0.3527399072294044,0.3527399072294044,0.2029573689467229,4.9271431
4054,Avocados,1.6,1.0,1.0,"Avocado, raw",0.0,337.0,Lycopene,UG,1.6,1.6,453.592,0.003527399072294044,0.003527399072294044,0.3527399072294044,0.3527399072294044,inf,0.0
4055,Avocados,1.6,1.0,1.0,"Avocado, raw",7.0,307.0,"Sodium, Na",MG,1.6,1.6,453.592,0.003527399072294044,0.003527399072294044,0.3527399072294044,0.3527399072294044,0.05039141531848634,19.84465
4056,Avocados,1.6,1.0,1.0,"Avocado, raw",0.0,629.0,PUFA 20:5 n-3 (EPA),G,1.6,1.6,453.592,0.003527399072294044,0.003527399072294044,0.3527399072294044,0.3527399072294044,inf,0.0
4057,Avocados,1.6,1.0,1.0,"Avocado, raw",0.257,415.0,Vitamin B-6,MG,1.6,1.6,453.592,0.003527399072294044,0.003527399072294044,0.3527399072294044,0.3527399072294044,1.3725288219042973,0.72858215
4058,Avocados,1.6,1.0,1.0,"Avocado, raw",52.0,305.0,"Phosphorus, P",MG,1.6,1.6,453.592,0.003527399072294044,0.003527399072294044,0.3527399072294044,0.3527399072294044,0.006783459754411623,147.4174
4059,Avocados,1.6,1.0,1.0,"Avocado, raw",2.07,323.0,Vitamin E (alpha-tocopherol),MG,1.6,1.6,453.592,0.003527399072294044,0.003527399072294044,0.3527399072294044,0.3527399072294044,0.17040575228473645,5.8683464999999995
4060,Avocados,1.6,1.0,1.0,"Avocado, raw",21.0,430.0,Vitamin K (phylloquinone),UG,1.6,1.6,453.592,0.003527399072294044,0.003527399072294044,0.3527399072294044,0.3527399072294044,0.016797138439495447,59.53395
4061,Avocados,1.6,1.0,1.0,"Avocado, raw",0.0,319.0,Retinol,UG,1.6,1.6,453.592,0.003527399072294044,0.003527399072294044,0.3527399072294044,0.3527399072294044,inf,0.0
4062,Avocados,1.6,1.0,1.0,"Avocado, raw",0.0,610.0,SFA 10:0,G,1.6,1.6,453.592,0.003527399072294044,0.003527399072294044,0.3527399072294044,0.3527399072294044,inf,0.0
4063,Avocados,1.6,1.0,1.0,"Avocado, raw",62.0,321.0,"Carotene, beta",UG,1.6,1.6,453.592,0.003527399072294044,0.003527399072294044,0.3527399072294044,0.3527399072294044,0.005689353342409748,175.7669
4064,Avocados,1.6,1.0,1.0,"Avocado, raw",0.0,418.0,Vitamin B-12,UG,1.6,1.6,453.592,0.003527399072294044,0.003527399072294044,0.3527399072294044,0.3527399072294044,inf,0.0
4065,Avocados,1.6,1.0,1.0,"Avocado, raw",1.674,618.0,PUFA 18:2,G,1.6,1.6,453.592,0.003527399072294044,0.003527399072294044,0.3527399072294044,0.3527399072294044,0.21071679045962033,4.7457063
4066,Avocados,1.6,1.0,1.0,"Avocado, raw",0.0,601.0,Cholesterol,MG,1.6,1.6,453.592,0.003527399072294044,0.003527399072294044,0.3527399072294044,0.3527399072294044,inf,0.0
4067,Avocados,1.6,1.0,1.0,"Avocado, raw",0.4,317.0,"Selenium, Se",UG,1.6,1.6,453.592,0.003527399072294044,0.003527399072294044,0.3527399072294044,0.3527399072294044,0.881849768073511,1.13398
4068,Avocados,1.6,1.0,1.0,"Avocado, raw",7.0,320.0,"Vitamin A, RAE",UG,1.6,1.6,453.592,0.003527399072294044,0.003527399072294044,0.3527399072294044,0.3527399072294044,0.05039141531848634,19.84465
4069,Avocados,1.6,1.0,1.0,"Avocado, raw",0.698,626.0,MUFA 16:1,G,1.6,1.6,453.592,0.003527399072294044,0.003527399072294044,0.3527399072294044,0.3527399072294044,0.505358033279949,1.9787951
4070,Avocados,1.6,1.0,1.0,"Avocado, raw",2.126,606.0,"Fatty acids, total saturated",G,1.6,1.6,453.592,0.003527399072294044,0.003527399072294044,0.3527399072294044,0.3527399072294044,0.1659171717918177,6.0271037
4071,Avocados,1.6,1.0,1.0,"Avocado, raw",14.2,421.0,"Choline, total",MG,1.6,1.6,453.592,0.003527399072294044,0.003527399072294044,0.3527399072294044,0.3527399072294044,0.024840838537282,40.25629
4072,Avocados,1.6,1.0,1.0,"Avocado, raw",0.66,269.0,"Sugars, Total",G,1.6,1.6,453.592,0.003527399072294044,0.003527399072294044,0.3527399072294044,0.3527399072294044,0.534454404893037,1.871067
4073,Avocados,1.6,1.0,1.0,"Avocado, raw",0.0,621.0,PUFA 22:6 n-3 (DHA),G,1.6,1.6,453.592,0.003527399072294044,0.003527399072294044,0.3527399072294044,0.3527399072294044,inf,0.0
4074,Avocados,1.6,1.0,1.0,"Avocado, raw",29.0,304.0,"Magnesium, Mg",MG,1.6,1.6,453.592,0.003527399072294044,0.003527399072294044,0.3527399072294044,0.3527399072294044,0.012163445076876014,82.21355
4075,Avocados,1.6,1.0,1.0,"Avocado, raw",0.0,263.0,Theobromine,MG,1.6,1.6,453.592,0.003527399072294044,0.003527399072294044,0.3527399072294044,0.3527399072294044,inf,0.0
4076,Avocados,1.6,1.0,1.0,"Avocado, raw",6.7,291.0,"Fiber, total dietary",G,1.6,1.6,453.592,0.003527399072294044,0.003527399072294044,0.3527399072294044,0.3527399072294044,0.052647747347672295,18.994165
4077,Avocados,1.6,1.0,1.0,"Avocado, raw",0.0,578.0,"Vitamin B-12, added",UG,1.6,1.6,453.592,0.003527399072294044,0.003527399072294044,0.3527399072294044,0.3527399072294044,inf,0.0
4078,Avocados,1.6,1.0,1.0,"Avocado, raw",0.0,573.0,"Vitamin E, added",MG,1.6,1.6,453.592,0.003527399072294044,0.003527399072294044,0.3527399072294044,0.3527399072294044,inf,0.0
4079,Avocados,1.6,1.0,1.0,"Avocado, raw",0.0,631.0,PUFA 22:5 n-3 (DPA),G,1.6,1.6,453.592,0.003527399072294044,0.003527399072294044,0.3527399072294044,0.3527399072294044,inf,0.0
4080,Avocados,1.6,1.0,1.0,"Avocado, raw",0.55,303.0,"Iron, Fe",MG,1.6,1.6,453.592,0.003527399072294044,0.003527399072294044,0.3527399072294044,0.3527399072294044,0.6413452858716443,1.5592225000000002
4081,Avocados,1.6,1.0,1.0,"Avocado, raw",9.066,617.0,MUFA 18:1,G,1.6,1.6,453.592,0.003527399072294044,0.003527399072294044,0.3527399072294044,0.3527399072294044,0.038907997708957025,25.7016567
4082,Avocados,1.6,1.0,1.0,"Avocado, raw",485.0,306.0,"Potassium, K",MG,1.6,1.6,453.592,0.003527399072294044,0.003527399072294044,0.3527399072294044,0.3527399072294044,0.0007272987777925864,1374.95075
4083,Avocados,1.6,1.0,1.0,"Avocado, raw",73.23,255.0,Water,G,1.6,1.6,453.592,0.003527399072294044,0.003527399072294044,0.3527399072294044,0.3527399072294044,0.004816877061715204,207.60338850000002
4084,Avocados,1.6,1.0,1.0,"Avocado, raw",1.816,646.0,"Fatty acids, total polyunsaturated",G,1.6,1.6,453.592,0.003527399072294044,0.003527399072294044,0.3527399072294044,0.3527399072294044,0.19424003702059714,5.1482692
4085,Avocados,1.6,1.0,1.0,"Avocado, raw",0.0,612.0,SFA 14:0,G,1.6,1.6,453.592,0.003527399072294044,0.003527399072294044,0.3527399072294044,0.3527399072294044,inf,0.0
4086,Avocados,1.6,1.0,1.0,"Avocado, raw",0.0,620.0,PUFA 20:4,G,1.6,1.6,453.592,0.003527399072294044,0.003527399072294044,0.3527399072294044,0.3527399072294044,inf,0.0
4087,Avocados,1.6,1.0,1.0,"Avocado, raw",12.0,301.0,"Calcium, Ca",MG,1.6,1.6,453.592,0.003527399072294044,0.003527399072294044,0.3527399072294044,0.3527399072294044,0.029394992269117032,34.0194
4088,Avocados,1.6,1.0,1.0,"Avocado, raw",0.001,609.0,SFA 8:0,G,1.6,1.6,453.592,0.003527399072294044,0.003527399072294044,0.3527399072294044,0.3527399072294044,352.7399072294044,0.00283495
4089,Avocados,1.6,1.0,1.0,"Avocado, raw",8.53,205.0,"Carbohydrate, by difference",G,1.6,1.6,453.592,0.003527399072294044,0.003527399072294044,0.3527399072294044,0.3527399072294044,0.04135286133990673,24.1821235
4090,Avocados,1.6,1.0,1.0,"Avocado, raw",9.799,645.0,"Fatty acids, total monounsaturated",G,1.6,1.6,453.592,0.003527399072294044,0.003527399072294044,0.3527399072294044,0.3527399072294044,0.03599754130313342,27.779675049999998
4091,Avocados,1.6,1.0,1.0,"Avocado, raw",0.0,262.0,Caffeine,MG,1.6,1.6,453.592,0.003527399072294044,0.003527399072294044,0.3527399072294044,0.3527399072294044,inf,0.0
4092,Avocados,1.6,1.0,1.0,"Avocado, raw",0.125,619.0,PUFA 18:3,G,1.6,1.6,453.592,0.003527399072294044,0.003527399072294044,0.3527399072294044,0.3527399072294044,2.8219192578352352,0.35436875
4093,Avocados,1.6,1.0,1.0,"Avocado, raw",0.0,221.0,"Alcohol, ethyl",G,1.6,1.6,453.592,0.003527399072294044,0.003527399072294044,0.3527399072294044,0.3527399072294044,inf,0.0
4094,Avocados,1.6,1.0,1.0,"Avocado, raw",2.0,203.0,Protein,G,1.6,1.6,453.592,0.003527399072294044,0.003527399072294044,0.3527399072294044,0.3527399072294044,0.1763699536147022,5.6699
4095,Avocados,1.6,1.0,1.0,"Avocado, raw",0.0,627.0,PUFA 18:4,G,1.6,1.6,453.592,0.003527399072294044,0.003527399072294044,0.3527399072294044,0.3527399072294044,inf,0.0
4096,Avocados,1.6,1.0,1.0,"Avocado, raw",28.0,334.0,"Cryptoxanthin, beta",UG,1.6,1.6,453.592,0.003527399072294044,0.003527399072294044,0.3527399072294044,0.3527399072294044,0.012597853829621586,79.3786
4097,Avocados,1.6,1.0,1.0,"Avocado, raw",0.0,608.0,SFA 6:0,G,1.6,1.6,453.592,0.003527399072294044,0.003527399072294044,0.3527399072294044,0.3527399072294044,inf,0.0
4098,Avocados,1.6,1.0,1.0,"Avocado, raw",10.0,401.0,"Vitamin C, total ascorbic acid",MG,1.6,1.6,453.592,0.003527399072294044,0.003527399072294044,0.3527399072294044,0.3527399072294044,0.03527399072294044,28.3495
4099,Avocados,1.6,1.0,1.0,"Avocado, raw",0.067,404.0,Thiamin,MG,1.6,1.6,453.592,0.003527399072294044,0.003527399072294044,0.3527399072294044,0.3527399072294044,5.264774734767229,0.18994165000000002
4100,Avocados,1.6,1.0,1.0,"Avocado, raw",2.075,613.0,SFA 16:0,G,1.6,1.6,453.592,0.003527399072294044,0.003527399072294044,0.3527399072294044,0.3527399072294044,0.1699951360141708,5.882521250000001
4101,Avocados,1.6,1.0,1.0,"Avocado, raw",24.0,322.0,"Carotene, alpha",UG,1.6,1.6,453.592,0.003527399072294044,0.003527399072294044,0.3527399072294044,0.3527399072294044,0.014697496134558516,68.0388
4102,Avocados,1.6,1.0,1.0,"Avocado, raw",0.0,611.0,SFA 12:0,G,1.6,1.6,453.592,0.003527399072294044,0.003527399072294044,0.3527399072294044,0.3527399072294044,inf,0.0
4103,Olive Oil,7.25,1.0,1.0,Olive oil,0.0,269.0,"Sugars, Total",G,7.25,7.25,453.592,0.015983527046332387,0.015983527046332387,1.5983527046332386,1.5983527046332386,inf,0.0
4104,Olive Oil,7.25,1.0,1.0,Olive oil,0.0,608.0,SFA 6:0,G,7.25,7.25,453.592,0.015983527046332387,0.015983527046332387,1.5983527046332386,1.5983527046332386,inf,0.0
4105,Olive Oil,7.25,1.0,1.0,Olive oil,0.001,609.0,SFA 8:0,G,7.25,7.25,453.592,0.015983527046332387,0.015983527046332387,1.5983527046332386,1.5983527046332386,1598.3527046332385,0.0006256441379310345
4106,Olive Oil,7.25,1.0,1.0,Olive oil,0.284,628.0,MUFA 20:1,G,7.25,7.25,453.592,0.015983527046332387,0.015983527046332387,1.5983527046332386,1.5983527046332386,5.628002481102953,0.1776829351724138
4107,Olive Oil,7.25,1.0,1.0,Olive oil,0.0,305.0,"Phosphorus, P",MG,7.25,7.25,453.592,0.015983527046332387,0.015983527046332387,1.5983527046332386,1.5983527046332386,inf,0.0
4108,Olive Oil,7.25,1.0,1.0,Olive oil,1.0,306.0,"Potassium, K",MG,7.25,7.25,453.592,0.015983527046332387,0.015983527046332387,1.5983527046332386,1.5983527046332386,1.5983527046332386,0.6256441379310345
4109,Olive Oil,7.25,1.0,1.0,Olive oil,1.072,626.0,MUFA 16:1,G,7.25,7.25,453.592,0.015983527046332387,0.015983527046332387,1.5983527046332386,1.5983527046332386,1.4910006573071255,0.6706905158620691
4110,Olive Oil,7.25,1.0,1.0,Olive oil,0.0,328.0,Vitamin D (D2 + D3),UG,7.25,7.25,453.592,0.015983527046332387,0.015983527046332387,1.5983527046332386,1.5983527046332386,inf,0.0
4111,Olive Oil,7.25,1.0,1.0,Olive oil,0.0,404.0,Thiamin,MG,7.25,7.25,453.592,0.015983527046332387,0.015983527046332387,1.5983527046332386,1.5983527046332386,inf,0.0
4112,Olive Oil,7.25,1.0,1.0,Olive oil,0.0,431.0,Folic acid,UG,7.25,7.25,453.592,0.015983527046332387,0.015983527046332387,1.5983527046332386,1.5983527046332386,inf,0.0
4113,Olive Oil,7.25,1.0,1.0,Olive oil,0.001,610.0,SFA 10:0,G,7.25,7.25,453.592,0.015983527046332387,0.015983527046332387,1.5983527046332386,1.5983527046332386,1598.3527046332385,0.0006256441379310345
4114,Olive Oil,7.25,1.0,1.0,Olive oil,0.56,303.0,"Iron, Fe",MG,7.25,7.25,453.592,0.015983527046332387,0.015983527046332387,1.5983527046332386,1.5983527046332386,2.85420125827364,0.35036071724137935
4115,Olive Oil,7.25,1.0,1.0,Olive oil,0.0,338.0,Lutein + zeaxanthin,UG,7.25,7.25,453.592,0.015983527046332387,0.015983527046332387,1.5983527046332386,1.5983527046332386,inf,0.0
4116,Olive Oil,7.25,1.0,1.0,Olive oil,26.0,430.0,Vitamin K (phylloquinone),UG,7.25,7.25,453.592,0.015983527046332387,0.015983527046332387,1.5983527046332386,1.5983527046332386,0.06147510402435533,16.266747586206897
4117,Olive Oil,7.25,1.0,1.0,Olive oil,0.0,629.0,PUFA 20:5 n-3 (EPA),G,7.25,7.25,453.592,0.015983527046332387,0.015983527046332387,1.5983527046332386,1.5983527046332386,inf,0.0
4118,Olive Oil,7.25,1.0,1.0,Olive oil,0.0,601.0,Cholesterol,MG,7.25,7.25,453.592,0.015983527046332387,0.015983527046332387,1.5983527046332386,1.5983527046332386,inf,0.0
4119,Olive Oil,7.25,1.0,1.0,Olive oil,20.88,323.0,Vitamin E (alpha-tocopherol),MG,7.25,7.25,453.592,0.015983527046332387,0.015983527046332387,1.5983527046332386,1.5983527046332386,0.07654945903415894,13.0634496
4120,Olive Oil,7.25,1.0,1.0,Olive oil,0.0,203.0,Protein,G,7.25,7.25,453.592,0.015983527046332387,0.015983527046332387,1.5983527046332386,1.5983527046332386,inf,0.0
4121,Olive Oil,7.25,1.0,1.0,Olive oil,0.0,418.0,Vitamin B-12,UG,7.25,7.25,453.592,0.015983527046332387,0.015983527046332387,1.5983527046332386,1.5983527046332386,inf,0.0
4122,Olive Oil,7.25,1.0,1.0,Olive oil,0.0,406.0,Niacin,MG,7.25,7.25,453.592,0.015983527046332387,0.015983527046332387,1.5983527046332386,1.5983527046332386,inf,0.0
4123,Olive Oil,7.25,1.0,1.0,Olive oil,1.0,301.0,"Calcium, Ca",MG,7.25,7.25,453.592,0.015983527046332387,0.015983527046332387,1.5983527046332386,1.5983527046332386,1.5983527046332386,0.6256441379310345
4124,Olive Oil,7.25,1.0,1.0,Olive oil,0.0,320.0,"Vitamin A, RAE",UG,7.25,7.25,453.592,0.015983527046332387,0.015983527046332387,1.5983527046332386,1.5983527046332386,inf,0.0
4125,Olive Oil,7.25,1.0,1.0,Olive oil,0.0,573.0,"Vitamin E, added",MG,7.25,7.25,453.592,0.015983527046332387,0.015983527046332387,1.5983527046332386,1.5983527046332386,inf,0.0
4126,Olive Oil,7.25,1.0,1.0,Olive oil,0.0,312.0,"Copper, Cu",MG,7.25,7.25,453.592,0.015983527046332387,0.015983527046332387,1.5983527046332386,1.5983527046332386,inf,0.0
4127,Olive Oil,7.25,1.0,1.0,Olive oil,0.0,321.0,"Carotene, beta",UG,7.25,7.25,453.592,0.015983527046332387,0.015983527046332387,1.5983527046332386,1.5983527046332386,inf,0.0
4128,Olive Oil,7.25,1.0,1.0,Olive oil,0.0,415.0,Vitamin B-6,MG,7.25,7.25,453.592,0.015983527046332387,0.015983527046332387,1.5983527046332386,1.5983527046332386,inf,0.0
4129,Olive Oil,7.25,1.0,1.0,Olive oil,0.0,621.0,PUFA 22:6 n-3 (DHA),G,7.25,7.25,453.592,0.015983527046332387,0.015983527046332387,1.5983527046332386,1.5983527046332386,inf,0.0
4130,Olive Oil,7.25,1.0,1.0,Olive oil,0.013,620.0,PUFA 20:4,G,7.25,7.25,453.592,0.015983527046332387,0.015983527046332387,1.5983527046332386,1.5983527046332386,122.95020804871066,0.008133373793103449
4131,Olive Oil,7.25,1.0,1.0,Olive oil,9.469,646.0,"Fatty acids, total polyunsaturated",G,7.25,7.25,453.592,0.015983527046332387,0.015983527046332387,1.5983527046332386,1.5983527046332386,0.1687984691766014,5.924224342068965
4132,Olive Oil,7.25,1.0,1.0,Olive oil,0.0,304.0,"Magnesium, Mg",MG,7.25,7.25,453.592,0.015983527046332387,0.015983527046332387,1.5983527046332386,1.5983527046332386,inf,0.0
4133,Olive Oil,7.25,1.0,1.0,Olive oil,0.0,319.0,Retinol,UG,7.25,7.25,453.592,0.015983527046332387,0.015983527046332387,1.5983527046332386,1.5983527046332386,inf,0.0
4134,Olive Oil,7.25,1.0,1.0,Olive oil,0.0,317.0,"Selenium, Se",UG,7.25,7.25,453.592,0.015983527046332387,0.015983527046332387,1.5983527046332386,1.5983527046332386,inf,0.0
4135,Olive Oil,7.25,1.0,1.0,Olive oil,0.0,405.0,Riboflavin,MG,7.25,7.25,453.592,0.015983527046332387,0.015983527046332387,1.5983527046332386,1.5983527046332386,inf,0.0
4136,Olive Oil,7.25,1.0,1.0,Olive oil,8.817,618.0,PUFA 18:2,G,7.25,7.25,453.592,0.015983527046332387,0.015983527046332387,1.5983527046332386,1.5983527046332386,0.18128078764128827,5.516304364137931
4137,Olive Oil,7.25,1.0,1.0,Olive oil,0.0,334.0,"Cryptoxanthin, beta",UG,7.25,7.25,453.592,0.015983527046332387,0.015983527046332387,1.5983527046332386,1.5983527046332386,inf,0.0
4138,Olive Oil,7.25,1.0,1.0,Olive oil,900.0,208.0,Energy,KCAL,7.25,7.25,453.592,0.015983527046332387,0.015983527046332387,1.5983527046332386,1.5983527046332386,0.0017759474495924873,563.0797241379311
4139,Olive Oil,7.25,1.0,1.0,Olive oil,0.0,205.0,"Carbohydrate, by difference",G,7.25,7.25,453.592,0.015983527046332387,0.015983527046332387,1.5983527046332386,1.5983527046332386,inf,0.0
4140,Olive Oil,7.25,1.0,1.0,Olive oil,0.0,417.0,"Folate, total",UG,7.25,7.25,453.592,0.015983527046332387,0.015983527046332387,1.5983527046332386,1.5983527046332386,inf,0.0
4141,Olive Oil,7.25,1.0,1.0,Olive oil,68.42,645.0,"Fatty acids, total monounsaturated",G,7.25,7.25,453.592,0.015983527046332387,0.015983527046332387,1.5983527046332386,1.5983527046332386,0.023360898927700068,42.806571917241385
4142,Olive Oil,7.25,1.0,1.0,Olive oil,0.0,627.0,PUFA 18:4,G,7.25,7.25,453.592,0.015983527046332387,0.015983527046332387,1.5983527046332386,1.5983527046332386,inf,0.0
4143,Olive Oil,7.25,1.0,1.0,Olive oil,66.99,617.0,MUFA 18:1,G,7.25,7.25,453.592,0.015983527046332387,0.015983527046332387,1.5983527046332386,1.5983527046332386,0.02385957164701058,41.9119008
4144,Olive Oil,7.25,1.0,1.0,Olive oil,12.19,613.0,SFA 16:0,G,7.25,7.25,453.592,0.015983527046332387,0.015983527046332387,1.5983527046332386,1.5983527046332386,0.13111999217663975,7.62660204137931
4145,Olive Oil,7.25,1.0,1.0,Olive oil,0.001,607.0,SFA 4:0,G,7.25,7.25,453.592,0.015983527046332387,0.015983527046332387,1.5983527046332386,1.5983527046332386,1598.3527046332385,0.0006256441379310345
4146,Olive Oil,7.25,1.0,1.0,Olive oil,2.0,307.0,"Sodium, Na",MG,7.25,7.25,453.592,0.015983527046332387,0.015983527046332387,1.5983527046332386,1.5983527046332386,0.7991763523166193,1.251288275862069
4147,Olive Oil,7.25,1.0,1.0,Olive oil,0.0,309.0,"Zinc, Zn",MG,7.25,7.25,453.592,0.015983527046332387,0.015983527046332387,1.5983527046332386,1.5983527046332386,inf,0.0
4148,Olive Oil,7.25,1.0,1.0,Olive oil,0.0,255.0,Water,G,7.25,7.25,453.592,0.015983527046332387,0.015983527046332387,1.5983527046332386,1.5983527046332386,inf,0.0
4149,Olive Oil,7.25,1.0,1.0,Olive oil,0.0,578.0,"Vitamin B-12, added",UG,7.25,7.25,453.592,0.015983527046332387,0.015983527046332387,1.5983527046332386,1.5983527046332386,inf,0.0
4150,Olive Oil,7.25,1.0,1.0,Olive oil,0.638,619.0,PUFA 18:3,G,7.25,7.25,453.592,0.015983527046332387,0.015983527046332387,1.5983527046332386,1.5983527046332386,2.505255022936111,0.39916096
4151,Olive Oil,7.25,1.0,1.0,Olive oil,0.3,421.0,"Choline, total",MG,7.25,7.25,453.592,0.015983527046332387,0.015983527046332387,1.5983527046332386,1.5983527046332386,5.327842348777462,0.18769324137931034
4152,Olive Oil,7.25,1.0,1.0,Olive oil,0.0,432.0,"Folate, food",UG,7.25,7.25,453.592,0.015983527046332387,0.015983527046332387,1.5983527046332386,1.5983527046332386,inf,0.0
4153,Olive Oil,7.25,1.0,1.0,Olive oil,0.001,630.0,MUFA 22:1,G,7.25,7.25,453.592,0.015983527046332387,0.015983527046332387,1.5983527046332386,1.5983527046332386,1598.3527046332385,0.0006256441379310345
4154,Olive Oil,7.25,1.0,1.0,Olive oil,2.617,614.0,SFA 18:0,G,7.25,7.25,453.592,0.015983527046332387,0.015983527046332387,1.5983527046332386,1.5983527046332386,0.6107576250031481,1.6373107089655172
4155,Olive Oil,7.25,1.0,1.0,Olive oil,0.0,337.0,Lycopene,UG,7.25,7.25,453.592,0.015983527046332387,0.015983527046332387,1.5983527046332386,1.5983527046332386,inf,0.0
4156,Olive Oil,7.25,1.0,1.0,Olive oil,0.0,322.0,"Carotene, alpha",UG,7.25,7.25,453.592,0.015983527046332387,0.015983527046332387,1.5983527046332386,1.5983527046332386,inf,0.0
4157,Olive Oil,7.25,1.0,1.0,Olive oil,0.0,401.0,"Vitamin C, total ascorbic acid",MG,7.25,7.25,453.592,0.015983527046332387,0.015983527046332387,1.5983527046332386,1.5983527046332386,inf,0.0
4158,Olive Oil,7.25,1.0,1.0,Olive oil,0.0,435.0,"Folate, DFE",UG,7.25,7.25,453.592,0.015983527046332387,0.015983527046332387,1.5983527046332386,1.5983527046332386,inf,0.0
4159,Olive Oil,7.25,1.0,1.0,Olive oil,0.001,611.0,SFA 12:0,G,7.25,7.25,453.592,0.015983527046332387,0.015983527046332387,1.5983527046332386,1.5983527046332386,1598.3527046332385,0.0006256441379310345
4160,Olive Oil,7.25,1.0,1.0,Olive oil,0.0,291.0,"Fiber, total dietary",G,7.25,7.25,453.592,0.015983527046332387,0.015983527046332387,1.5983527046332386,1.5983527046332386,inf,0.0
4161,Olive Oil,7.25,1.0,1.0,Olive oil,0.0,221.0,"Alcohol, ethyl",G,7.25,7.25,453.592,0.015983527046332387,0.015983527046332387,1.5983527046332386,1.5983527046332386,inf,0.0
4162,Olive Oil,7.25,1.0,1.0,Olive oil,0.0,262.0,Caffeine,MG,7.25,7.25,453.592,0.015983527046332387,0.015983527046332387,1.5983527046332386,1.5983527046332386,inf,0.0
4163,Olive Oil,7.25,1.0,1.0,Olive oil,0.0,631.0,PUFA 22:5 n-3 (DPA),G,7.25,7.25,453.592,0.015983527046332387,0.015983527046332387,1.5983527046332386,1.5983527046332386,inf,0.0
4164,Olive Oil,7.25,1.0,1.0,Olive oil,100.0,204.0,Total lipid (fat),G,7.25,7.25,453.592,0.015983527046332387,0.015983527046332387,1.5983527046332386,1.5983527046332386,0.015983527046332387,62.56441379310345
4165,Olive Oil,7.25,1.0,1.0,Olive oil,0.0,263.0,Theobromine,MG,7.25,7.25,453.592,0.015983527046332387,0.015983527046332387,1.5983527046332386,1.5983527046332386,inf,0.0
4166,Olive Oil,7.25,1.0,1.0,Olive oil,15.52,606.0,"Fatty acids, total saturated",G,7.25,7.25,453.592,0.015983527046332387,0.015983527046332387,1.5983527046332386,1.5983527046332386,0.10298664333977053,9.709997020689656
4167,Olive Oil,7.25,1.0,1.0,Olive oil,0.013,612.0,SFA 14:0,G,7.25,7.25,453.592,0.015983527046332387,0.015983527046332387,1.5983527046332386,1.5983527046332386,122.95020804871066,0.008133373793103449
4168,Chicken breast,4.73,2.5,0.75,"Chicken breast, NS as to cooking method, skin not eaten",0.46,303.0,"Iron, Fe",MG,1.8920000000000001,2.522666666666667,1133.98,0.004171149402987707,0.005561532537316943,0.4171149402987707,0.5561532537316943,1.209028812460205,0.8271101479915433
4169,Chicken breast,4.73,2.5,0.75,"Chicken breast, NS as to cooking method, skin not eaten",0.87,309.0,"Zinc, Zn",MG,1.8920000000000001,2.522666666666667,1133.98,0.004171149402987707,0.005561532537316943,0.4171149402987707,0.5561532537316943,0.6392566134847061,1.564317019027484
4170,Chicken breast,4.73,2.5,0.75,"Chicken breast, NS as to cooking method, skin not eaten",0.314,415.0,Vitamin B-6,MG,1.8920000000000001,2.522666666666667,1133.98,0.004171149402987707,0.005561532537316943,0.4171149402987707,0.5561532537316943,1.7711887061518927,0.5645925792811839
4171,Chicken breast,4.73,2.5,0.75,"Chicken breast, NS as to cooking method, skin not eaten",284.0,306.0,"Potassium, K",MG,1.8920000000000001,2.522666666666667,1133.98,0.004171149402987707,0.005561532537316943,0.4171149402987707,0.5561532537316943,0.0019582861046890643,510.6506131078224
4172,Chicken breast,4.73,2.5,0.75,"Chicken breast, NS as to cooking method, skin not eaten",0.451,618.0,PUFA 18:2,G,1.8920000000000001,2.522666666666667,1133.98,0.004171149402987707,0.005561532537316943,0.4171149402987707,0.5561532537316943,1.2331557732410074,0.8109275581395348
4173,Chicken breast,4.73,2.5,0.75,"Chicken breast, NS as to cooking method, skin not eaten",144.0,208.0,Energy,KCAL,1.8920000000000001,2.522666666666667,1133.98,0.004171149402987707,0.005561532537316943,0.4171149402987707,0.5561532537316943,0.003862175373136766,258.9214376321353
4174,Chicken breast,4.73,2.5,0.75,"Chicken breast, NS as to cooking method, skin not eaten",328.0,307.0,"Sodium, Na",MG,1.8920000000000001,2.522666666666667,1133.98,0.004171149402987707,0.005561532537316943,0.4171149402987707,0.5561532537316943,0.001695589188206385,589.7654968287526
4175,Chicken breast,4.73,2.5,0.75,"Chicken breast, NS as to cooking method, skin not eaten",0.0,263.0,Theobromine,MG,1.8920000000000001,2.522666666666667,1133.98,0.004171149402987707,0.005561532537316943,0.4171149402987707,0.5561532537316943,inf,0.0
4176,Chicken breast,4.73,2.5,0.75,"Chicken breast, NS as to cooking method, skin not eaten",0.0,611.0,SFA 12:0,G,1.8920000000000001,2.522666666666667,1133.98,0.004171149402987707,0.005561532537316943,0.4171149402987707,0.5561532537316943,inf,0.0
4177,Chicken breast,4.73,2.5,0.75,"Chicken breast, NS as to cooking method, skin not eaten",0.32,323.0,Vitamin E (alpha-tocopherol),MG,1.8920000000000001,2.522666666666667,1133.98,0.004171149402987707,0.005561532537316943,0.4171149402987707,0.5561532537316943,1.7379789179115448,0.5753809725158562
4178,Chicken breast,4.73,2.5,0.75,"Chicken breast, NS as to cooking method, skin not eaten",0.0,631.0,PUFA 22:5 n-3 (DPA),G,1.8920000000000001,2.522666666666667,1133.98,0.004171149402987707,0.005561532537316943,0.4171149402987707,0.5561532537316943,inf,0.0
4179,Chicken breast,4.73,2.5,0.75,"Chicken breast, NS as to cooking method, skin not eaten",25.0,304.0,"Magnesium, Mg",MG,1.8920000000000001,2.522666666666667,1133.98,0.004171149402987707,0.005561532537316943,0.4171149402987707,0.5561532537316943,0.022246130149267775,44.95163847780126
4180,Chicken breast,4.73,2.5,0.75,"Chicken breast, NS as to cooking method, skin not eaten",0.69,613.0,SFA 16:0,G,1.8920000000000001,2.522666666666667,1133.98,0.004171149402987707,0.005561532537316943,0.4171149402987707,0.5561532537316943,0.8060192083068034,1.2406652219873149
4181,Chicken breast,4.73,2.5,0.75,"Chicken breast, NS as to cooking method, skin not eaten",0.27,418.0,Vitamin B-12,UG,1.8920000000000001,2.522666666666667,1133.98,0.004171149402987707,0.005561532537316943,0.4171149402987707,0.5561532537316943,2.059826865672942,0.48547769556025366
4182,Chicken breast,4.73,2.5,0.75,"Chicken breast, NS as to cooking method, skin not eaten",0.0,430.0,Vitamin K (phylloquinone),UG,1.8920000000000001,2.522666666666667,1133.98,0.004171149402987707,0.005561532537316943,0.4171149402987707,0.5561532537316943,inf,0.0
4183,Chicken breast,4.73,2.5,0.75,"Chicken breast, NS as to cooking method, skin not eaten",0.0,578.0,"Vitamin B-12, added",UG,1.8920000000000001,2.522666666666667,1133.98,0.004171149402987707,0.005561532537316943,0.4171149402987707,0.5561532537316943,inf,0.0
4184,Chicken breast,4.73,2.5,0.75,"Chicken breast, NS as to cooking method, skin not eaten",0.49,646.0,"Fatty acids, total polyunsaturated",G,1.8920000000000001,2.522666666666667,1133.98,0.004171149402987707,0.005561532537316943,0.4171149402987707,0.5561532537316943,1.135006640268764,0.8810521141649047
4185,Chicken breast,4.73,2.5,0.75,"Chicken breast, NS as to cooking method, skin not eaten",0.0,573.0,"Vitamin E, added",MG,1.8920000000000001,2.522666666666667,1133.98,0.004171149402987707,0.005561532537316943,0.4171149402987707,0.5561532537316943,inf,0.0
4186,Chicken breast,4.73,2.5,0.75,"Chicken breast, NS as to cooking method, skin not eaten",0.0,621.0,PUFA 22:6 n-3 (DHA),G,1.8920000000000001,2.522666666666667,1133.98,0.004171149402987707,0.005561532537316943,0.4171149402987707,0.5561532537316943,inf,0.0
4187,Chicken breast,4.73,2.5,0.75,"Chicken breast, NS as to cooking method, skin not eaten",0.0,291.0,"Fiber, total dietary",G,1.8920000000000001,2.522666666666667,1133.98,0.004171149402987707,0.005561532537316943,0.4171149402987707,0.5561532537316943,inf,0.0
4188,Chicken breast,4.73,2.5,0.75,"Chicken breast, NS as to cooking method, skin not eaten",11.0,417.0,"Folate, total",UG,1.8920000000000001,2.522666666666667,1133.98,0.004171149402987707,0.005561532537316943,0.4171149402987707,0.5561532537316943,0.0505593867028813,19.778720930232556
4189,Chicken breast,4.73,2.5,0.75,"Chicken breast, NS as to cooking method, skin not eaten",1.194,617.0,MUFA 18:1,G,1.8920000000000001,2.522666666666667,1133.98,0.004171149402987707,0.005561532537316943,0.4171149402987707,0.5561532537316943,0.46578999475016275,2.1468902536997883
4190,Chicken breast,4.73,2.5,0.75,"Chicken breast, NS as to cooking method, skin not eaten",0.0,337.0,Lycopene,UG,1.8920000000000001,2.522666666666667,1133.98,0.004171149402987707,0.005561532537316943,0.4171149402987707,0.5561532537316943,inf,0.0
4191,Chicken breast,4.73,2.5,0.75,"Chicken breast, NS as to cooking method, skin not eaten",67.78,255.0,Water,G,1.8920000000000001,2.522666666666667,1133.98,0.004171149402987707,0.005561532537316943,0.4171149402987707,0.5561532537316943,0.008205270783884543,121.87288224101479
4192,Chicken breast,4.73,2.5,0.75,"Chicken breast, NS as to cooking method, skin not eaten",0.0,321.0,"Carotene, beta",UG,1.8920000000000001,2.522666666666667,1133.98,0.004171149402987707,0.005561532537316943,0.4171149402987707,0.5561532537316943,inf,0.0
4193,Chicken breast,4.73,2.5,0.75,"Chicken breast, NS as to cooking method, skin not eaten",0.0,334.0,"Cryptoxanthin, beta",UG,1.8920000000000001,2.522666666666667,1133.98,0.004171149402987707,0.005561532537316943,0.4171149402987707,0.5561532537316943,inf,0.0
4194,Chicken breast,4.73,2.5,0.75,"Chicken breast, NS as to cooking method, skin not eaten",0.0,630.0,MUFA 22:1,G,1.8920000000000001,2.522666666666667,1133.98,0.004171149402987707,0.005561532537316943,0.4171149402987707,0.5561532537316943,inf,0.0
4195,Chicken breast,4.73,2.5,0.75,"Chicken breast, NS as to cooking method, skin not eaten",0.0,269.0,"Sugars, Total",G,1.8920000000000001,2.522666666666667,1133.98,0.004171149402987707,0.005561532537316943,0.4171149402987707,0.5561532537316943,inf,0.0
4196,Chicken breast,4.73,2.5,0.75,"Chicken breast, NS as to cooking method, skin not eaten",5.0,319.0,Retinol,UG,1.8920000000000001,2.522666666666667,1133.98,0.004171149402987707,0.005561532537316943,0.4171149402987707,0.5561532537316943,0.11123065074633887,8.990327695560254
4197,Chicken breast,4.73,2.5,0.75,"Chicken breast, NS as to cooking method, skin not eaten",0.0,609.0,SFA 8:0,G,1.8920000000000001,2.522666666666667,1133.98,0.004171149402987707,0.005561532537316943,0.4171149402987707,0.5561532537316943,inf,0.0
4198,Chicken breast,4.73,2.5,0.75,"Chicken breast, NS as to cooking method, skin not eaten",246.0,305.0,"Phosphorus, P",MG,1.8920000000000001,2.522666666666667,1133.98,0.004171149402987707,0.005561532537316943,0.4171149402987707,0.5561532537316943,0.0022607855842751803,442.3241226215644
4199,Chicken breast,4.73,2.5,0.75,"Chicken breast, NS as to cooking method, skin not eaten",0.009,628.0,MUFA 20:1,G,1.8920000000000001,2.522666666666667,1133.98,0.004171149402987707,0.005561532537316943,0.4171149402987707,0.5561532537316943,61.794805970188264,0.016182589852008454
4200,Chicken breast,4.73,2.5,0.75,"Chicken breast, NS as to cooking method, skin not eaten",28.04,203.0,Protein,G,1.8920000000000001,2.522666666666667,1133.98,0.004171149402987707,0.005561532537316943,0.4171149402987707,0.5561532537316943,0.019834281516822195,50.41775771670189
4201,Chicken breast,4.73,2.5,0.75,"Chicken breast, NS as to cooking method, skin not eaten",0.008,620.0,PUFA 20:4,G,1.8920000000000001,2.522666666666667,1133.98,0.004171149402987707,0.005561532537316943,0.4171149402987707,0.5561532537316943,69.5191567164618,0.014384524312896404
4202,Chicken breast,4.73,2.5,0.75,"Chicken breast, NS as to cooking method, skin not eaten",0.238,626.0,MUFA 16:1,G,1.8920000000000001,2.522666666666667,1133.98,0.004171149402987707,0.005561532537316943,0.4171149402987707,0.5561532537316943,2.3367783770239257,0.427939598308668
4203,Chicken breast,4.73,2.5,0.75,"Chicken breast, NS as to cooking method, skin not eaten",0.0,205.0,"Carbohydrate, by difference",G,1.8920000000000001,2.522666666666667,1133.98,0.004171149402987707,0.005561532537316943,0.4171149402987707,0.5561532537316943,inf,0.0
4204,Chicken breast,4.73,2.5,0.75,"Chicken breast, NS as to cooking method, skin not eaten",0.0,322.0,"Carotene, alpha",UG,1.8920000000000001,2.522666666666667,1133.98,0.004171149402987707,0.005561532537316943,0.4171149402987707,0.5561532537316943,inf,0.0
4205,Chicken breast,4.73,2.5,0.75,"Chicken breast, NS as to cooking method, skin not eaten",0.0,627.0,PUFA 18:4,G,1.8920000000000001,2.522666666666667,1133.98,0.004171149402987707,0.005561532537316943,0.4171149402987707,0.5561532537316943,inf,0.0
4206,Chicken breast,4.73,2.5,0.75,"Chicken breast, NS as to cooking method, skin not eaten",0.0,607.0,SFA 4:0,G,1.8920000000000001,2.522666666666667,1133.98,0.004171149402987707,0.005561532537316943,0.4171149402987707,0.5561532537316943,inf,0.0
4207,Chicken breast,4.73,2.5,0.75,"Chicken breast, NS as to cooking method, skin not eaten",9.634,406.0,Niacin,MG,1.8920000000000001,2.522666666666667,1133.98,0.004171149402987707,0.005561532537316943,0.4171149402987707,0.5561532537316943,0.0577281766381248,17.322563403805496
4208,Chicken breast,4.73,2.5,0.75,"Chicken breast, NS as to cooking method, skin not eaten",86.0,601.0,Cholesterol,MG,1.8920000000000001,2.522666666666667,1133.98,0.004171149402987707,0.005561532537316943,0.4171149402987707,0.5561532537316943,0.006466898299205748,154.63363636363636
4209,Chicken breast,4.73,2.5,0.75,"Chicken breast, NS as to cooking method, skin not eaten",0.863,606.0,"Fatty acids, total saturated",G,1.8920000000000001,2.522666666666667,1133.98,0.004171149402987707,0.005561532537316943,0.4171149402987707,0.5561532537316943,0.6444417772093793,1.5517305602536995
4210,Chicken breast,4.73,2.5,0.75,"Chicken breast, NS as to cooking method, skin not eaten",0.0,338.0,Lutein + zeaxanthin,UG,1.8920000000000001,2.522666666666667,1133.98,0.004171149402987707,0.005561532537316943,0.4171149402987707,0.5561532537316943,inf,0.0
4211,Chicken breast,4.73,2.5,0.75,"Chicken breast, NS as to cooking method, skin not eaten",0.0,262.0,Caffeine,MG,1.8920000000000001,2.522666666666667,1133.98,0.004171149402987707,0.005561532537316943,0.4171149402987707,0.5561532537316943,inf,0.0
4212,Chicken breast,4.73,2.5,0.75,"Chicken breast, NS as to cooking method, skin not eaten",5.0,320.0,"Vitamin A, RAE",UG,1.8920000000000001,2.522666666666667,1133.98,0.004171149402987707,0.005561532537316943,0.4171149402987707,0.5561532537316943,0.11123065074633887,8.990327695560254
4213,Chicken breast,4.73,2.5,0.75,"Chicken breast, NS as to cooking method, skin not eaten",8.0,435.0,"Folate, DFE",UG,1.8920000000000001,2.522666666666667,1133.98,0.004171149402987707,0.005561532537316943,0.4171149402987707,0.5561532537316943,0.06951915671646179,14.384524312896405
4214,Chicken breast,4.73,2.5,0.75,"Chicken breast, NS as to cooking method, skin not eaten",13.0,301.0,"Calcium, Ca",MG,1.8920000000000001,2.522666666666667,1133.98,0.004171149402987707,0.005561532537316943,0.4171149402987707,0.5561532537316943,0.04278101951782264,23.374852008456656
4215,Chicken breast,4.73,2.5,0.75,"Chicken breast, NS as to cooking method, skin not eaten",59.8,421.0,"Choline, total",MG,1.8920000000000001,2.522666666666667,1133.98,0.004171149402987707,0.005561532537316943,0.4171149402987707,0.5561532537316943,0.009300221634309271,107.52431923890062
4216,Chicken breast,4.73,2.5,0.75,"Chicken breast, NS as to cooking method, skin not eaten",0.0,610.0,SFA 10:0,G,1.8920000000000001,2.522666666666667,1133.98,0.004171149402987707,0.005561532537316943,0.4171149402987707,0.5561532537316943,inf,0.0
4217,Chicken breast,4.73,2.5,0.75,"Chicken breast, NS as to cooking method, skin not eaten",0.0,629.0,PUFA 20:5 n-3 (EPA),G,1.8920000000000001,2.522666666666667,1133.98,0.004171149402987707,0.005561532537316943,0.4171149402987707,0.5561532537316943,inf,0.0
4218,Chicken breast,4.73,2.5,0.75,"Chicken breast, NS as to cooking method, skin not eaten",0.081,404.0,Thiamin,MG,1.8920000000000001,2.522666666666667,1133.98,0.004171149402987707,0.005561532537316943,0.4171149402987707,0.5561532537316943,6.86608955224314,0.1456433086680761
4219,Chicken breast,4.73,2.5,0.75,"Chicken breast, NS as to cooking method, skin not eaten",0.0,608.0,SFA 6:0,G,1.8920000000000001,2.522666666666667,1133.98,0.004171149402987707,0.005561532537316943,0.4171149402987707,0.5561532537316943,inf,0.0
4220,Chicken breast,4.73,2.5,0.75,"Chicken breast, NS as to cooking method, skin not eaten",3.57,204.0,Total lipid (fat),G,1.8920000000000001,2.522666666666667,1133.98,0.004171149402987707,0.005561532537316943,0.4171149402987707,0.5561532537316943,0.1557852251349284,6.41909397463002
4221,Chicken breast,4.73,2.5,0.75,"Chicken breast, NS as to cooking method, skin not eaten",8.0,432.0,"Folate, food",UG,1.8920000000000001,2.522666666666667,1133.98,0.004171149402987707,0.005561532537316943,0.4171149402987707,0.5561532537316943,0.06951915671646179,14.384524312896405
4222,Chicken breast,4.73,2.5,0.75,"Chicken breast, NS as to cooking method, skin not eaten",0.131,405.0,Riboflavin,MG,1.8920000000000001,2.522666666666667,1133.98,0.004171149402987707,0.005561532537316943,0.4171149402987707,0.5561532537316943,4.245444684974766,0.23554658562367864
4223,Chicken breast,4.73,2.5,0.75,"Chicken breast, NS as to cooking method, skin not eaten",0.0,431.0,Folic acid,UG,1.8920000000000001,2.522666666666667,1133.98,0.004171149402987707,0.005561532537316943,0.4171149402987707,0.5561532537316943,inf,0.0
4224,Chicken breast,4.73,2.5,0.75,"Chicken breast, NS as to cooking method, skin not eaten",0.0,401.0,"Vitamin C, total ascorbic acid",MG,1.8920000000000001,2.522666666666667,1133.98,0.004171149402987707,0.005561532537316943,0.4171149402987707,0.5561532537316943,inf,0.0
4225,Chicken breast,4.73,2.5,0.75,"Chicken breast, NS as to cooking method, skin not eaten",1.444,645.0,"Fatty acids, total monounsaturated",G,1.8920000000000001,2.522666666666667,1133.98,0.004171149402987707,0.005561532537316943,0.4171149402987707,0.5561532537316943,0.3851476826396775,2.596406638477801
4226,Chicken breast,4.73,2.5,0.75,"Chicken breast, NS as to cooking method, skin not eaten",23.1,317.0,"Selenium, Se",UG,1.8920000000000001,2.522666666666667,1133.98,0.004171149402987707,0.005561532537316943,0.4171149402987707,0.5561532537316943,0.024075898429943475,41.53531395348837
4227,Chicken breast,4.73,2.5,0.75,"Chicken breast, NS as to cooking method, skin not eaten",0.0,328.0,Vitamin D (D2 + D3),UG,1.8920000000000001,2.522666666666667,1133.98,0.004171149402987707,0.005561532537316943,0.4171149402987707,0.5561532537316943,inf,0.0
4228,Chicken breast,4.73,2.5,0.75,"Chicken breast, NS as to cooking method, skin not eaten",0.041,312.0,"Copper, Cu",MG,1.8920000000000001,2.522666666666667,1133.98,0.004171149402987707,0.005561532537316943,0.4171149402987707,0.5561532537316943,13.564713505651081,0.07372068710359407
4229,Chicken breast,4.73,2.5,0.75,"Chicken breast, NS as to cooking method, skin not eaten",0.018,612.0,SFA 14:0,G,1.8920000000000001,2.522666666666667,1133.98,0.004171149402987707,0.005561532537316943,0.4171149402987707,0.5561532537316943,30.897402985094132,0.03236517970401691
4230,Chicken breast,4.73,2.5,0.75,"Chicken breast, NS as to cooking method, skin not eaten",0.15,614.0,SFA 18:0,G,1.8920000000000001,2.522666666666667,1133.98,0.004171149402987707,0.005561532537316943,0.4171149402987707,0.5561532537316943,3.707688358211296,0.26970983086680755
4231,Chicken breast,4.73,2.5,0.75,"Chicken breast, NS as to cooking method, skin not eaten",0.027,619.0,PUFA 18:3,G,1.8920000000000001,2.522666666666667,1133.98,0.004171149402987707,0.005561532537316943,0.4171149402987707,0.5561532537316943,20.59826865672942,0.04854776955602536
4232,Chicken breast,4.73,2.5,0.75,"Chicken breast, NS as to cooking method, skin not eaten",0.0,221.0,"Alcohol, ethyl",G,1.8920000000000001,2.522666666666667,1133.98,0.004171149402987707,0.005561532537316943,0.4171149402987707,0.5561532537316943,inf,0.0
4233,Chicken thigh,8.16,4.1,0.75,"Chicken thigh, NS as to cooking method, skin not eaten",24.09,203.0,Protein,G,1.9902439024390246,2.653658536585366,1859.7271999999998,0.004387740309438933,0.005850320412585244,0.4387740309438933,0.5850320412585244,0.024285265307535258,41.17723184558823
4234,Chicken thigh,8.16,4.1,0.75,"Chicken thigh, NS as to cooking method, skin not eaten",0.0,608.0,SFA 6:0,G,1.9902439024390246,2.653658536585366,1859.7271999999998,0.004387740309438933,0.005850320412585244,0.4387740309438933,0.5850320412585244,inf,0.0
4235,Chicken thigh,8.16,4.1,0.75,"Chicken thigh, NS as to cooking method, skin not eaten",68.0,421.0,"Choline, total",MG,1.9902439024390246,2.653658536585366,1859.7271999999998,0.004387740309438933,0.005850320412585244,0.4387740309438933,0.5850320412585244,0.008603412371448889,116.23295
4236,Chicken thigh,8.16,4.1,0.75,"Chicken thigh, NS as to cooking method, skin not eaten",0.0,630.0,MUFA 22:1,G,1.9902439024390246,2.653658536585366,1859.7271999999998,0.004387740309438933,0.005850320412585244,0.4387740309438933,0.5850320412585244,inf,0.0
4237,Chicken thigh,8.16,4.1,0.75,"Chicken thigh, NS as to cooking method, skin not eaten",193.0,208.0,Energy,KCAL,1.9902439024390246,2.653658536585366,1859.7271999999998,0.004387740309438933,0.005850320412585244,0.4387740309438933,0.5850320412585244,0.0030312540997851005,329.89646102941174
4238,Chicken thigh,8.16,4.1,0.75,"Chicken thigh, NS as to cooking method, skin not eaten",0.055,404.0,Thiamin,MG,1.9902439024390246,2.653658536585366,1859.7271999999998,0.004387740309438933,0.005850320412585244,0.4387740309438933,0.5850320412585244,10.636946204700443,0.09401194485294118
4239,Chicken thigh,8.16,4.1,0.75,"Chicken thigh, NS as to cooking method, skin not eaten",262.0,306.0,"Potassium, K",MG,1.9902439024390246,2.653658536585366,1859.7271999999998,0.004387740309438933,0.005850320412585244,0.4387740309438933,0.5850320412585244,0.00223294672236078,447.83871911764703
4240,Chicken thigh,8.16,4.1,0.75,"Chicken thigh, NS as to cooking method, skin not eaten",1.49,618.0,PUFA 18:2,G,1.9902439024390246,2.653658536585366,1859.7271999999998,0.004387740309438933,0.005850320412585244,0.4387740309438933,0.5850320412585244,0.3926389538647815,2.5468690514705883
4241,Chicken thigh,8.16,4.1,0.75,"Chicken thigh, NS as to cooking method, skin not eaten",8.0,417.0,"Folate, total",UG,1.9902439024390246,2.653658536585366,1859.7271999999998,0.004387740309438933,0.005850320412585244,0.4387740309438933,0.5850320412585244,0.07312900515731555,13.674464705882352
4242,Chicken thigh,8.16,4.1,0.75,"Chicken thigh, NS as to cooking method, skin not eaten",0.0,631.0,PUFA 22:5 n-3 (DPA),G,1.9902439024390246,2.653658536585366,1859.7271999999998,0.004387740309438933,0.005850320412585244,0.4387740309438933,0.5850320412585244,inf,0.0
4243,Chicken thigh,8.16,4.1,0.75,"Chicken thigh, NS as to cooking method, skin not eaten",0.0,328.0,Vitamin D (D2 + D3),UG,1.9902439024390246,2.653658536585366,1859.7271999999998,0.004387740309438933,0.005850320412585244,0.4387740309438933,0.5850320412585244,inf,0.0
4244,Chicken thigh,8.16,4.1,0.75,"Chicken thigh, NS as to cooking method, skin not eaten",0.089,619.0,PUFA 18:3,G,1.9902439024390246,2.653658536585366,1859.7271999999998,0.004387740309438933,0.005850320412585244,0.4387740309438933,0.5850320412585244,6.573393722005892,0.15212841985294118
4245,Chicken thigh,8.16,4.1,0.75,"Chicken thigh, NS as to cooking method, skin not eaten",0.0,291.0,"Fiber, total dietary",G,1.9902439024390246,2.653658536585366,1859.7271999999998,0.004387740309438933,0.005850320412585244,0.4387740309438933,0.5850320412585244,inf,0.0
4246,Chicken thigh,8.16,4.1,0.75,"Chicken thigh, NS as to cooking method, skin not eaten",0.0,263.0,Theobromine,MG,1.9902439024390246,2.653658536585366,1859.7271999999998,0.004387740309438933,0.005850320412585244,0.4387740309438933,0.5850320412585244,inf,0.0
4247,Chicken thigh,8.16,4.1,0.75,"Chicken thigh, NS as to cooking method, skin not eaten",0.0,401.0,"Vitamin C, total ascorbic acid",MG,1.9902439024390246,2.653658536585366,1859.7271999999998,0.004387740309438933,0.005850320412585244,0.4387740309438933,0.5850320412585244,inf,0.0
4248,Chicken thigh,8.16,4.1,0.75,"Chicken thigh, NS as to cooking method, skin not eaten",8.0,432.0,"Folate, food",UG,1.9902439024390246,2.653658536585366,1859.7271999999998,0.004387740309438933,0.005850320412585244,0.4387740309438933,0.5850320412585244,0.07312900515731555,13.674464705882352
4249,Chicken thigh,8.16,4.1,0.75,"Chicken thigh, NS as to cooking method, skin not eaten",10.74,204.0,Total lipid (fat),G,1.9902439024390246,2.653658536585366,1859.7271999999998,0.004387740309438933,0.005850320412585244,0.4387740309438933,0.5850320412585244,0.054472257100421265,18.35796886764706
4250,Chicken thigh,8.16,4.1,0.75,"Chicken thigh, NS as to cooking method, skin not eaten",0.0,322.0,"Carotene, alpha",UG,1.9902439024390246,2.653658536585366,1859.7271999999998,0.004387740309438933,0.005850320412585244,0.4387740309438933,0.5850320412585244,inf,0.0
4251,Chicken thigh,8.16,4.1,0.75,"Chicken thigh, NS as to cooking method, skin not eaten",0.0,205.0,"Carbohydrate, by difference",G,1.9902439024390246,2.653658536585366,1859.7271999999998,0.004387740309438933,0.005850320412585244,0.4387740309438933,0.5850320412585244,inf,0.0
4252,Chicken thigh,8.16,4.1,0.75,"Chicken thigh, NS as to cooking method, skin not eaten",0.029,628.0,MUFA 20:1,G,1.9902439024390246,2.653658536585366,1859.7271999999998,0.004387740309438933,0.005850320412585244,0.4387740309438933,0.5850320412585244,20.173518664087045,0.04956993455882353
4253,Chicken thigh,8.16,4.1,0.75,"Chicken thigh, NS as to cooking method, skin not eaten",13.0,319.0,Retinol,UG,1.9902439024390246,2.653658536585366,1859.7271999999998,0.004387740309438933,0.005850320412585244,0.4387740309438933,0.5850320412585244,0.045002464712194185,22.221005147058822
4254,Chicken thigh,8.16,4.1,0.75,"Chicken thigh, NS as to cooking method, skin not eaten",4.727,645.0,"Fatty acids, total monounsaturated",G,1.9902439024390246,2.653658536585366,1859.7271999999998,0.004387740309438933,0.005850320412585244,0.4387740309438933,0.5850320412585244,0.1237639181845831,8.079899333088235
4255,Chicken thigh,8.16,4.1,0.75,"Chicken thigh, NS as to cooking method, skin not eaten",23.1,317.0,"Selenium, Se",UG,1.9902439024390246,2.653658536585366,1859.7271999999998,0.004387740309438933,0.005850320412585244,0.4387740309438933,0.5850320412585244,0.02532606239214391,39.485016838235296
4256,Chicken thigh,8.16,4.1,0.75,"Chicken thigh, NS as to cooking method, skin not eaten",0.0,610.0,SFA 10:0,G,1.9902439024390246,2.653658536585366,1859.7271999999998,0.004387740309438933,0.005850320412585244,0.4387740309438933,0.5850320412585244,inf,0.0
4257,Chicken thigh,8.16,4.1,0.75,"Chicken thigh, NS as to cooking method, skin not eaten",0.0,607.0,SFA 4:0,G,1.9902439024390246,2.653658536585366,1859.7271999999998,0.004387740309438933,0.005850320412585244,0.4387740309438933,0.5850320412585244,inf,0.0
4258,Chicken thigh,8.16,4.1,0.75,"Chicken thigh, NS as to cooking method, skin not eaten",0.0,337.0,Lycopene,UG,1.9902439024390246,2.653658536585366,1859.7271999999998,0.004387740309438933,0.005850320412585244,0.4387740309438933,0.5850320412585244,inf,0.0
4259,Chicken thigh,8.16,4.1,0.75,"Chicken thigh, NS as to cooking method, skin not eaten",0.483,614.0,SFA 18:0,G,1.9902439024390246,2.653658536585366,1859.7271999999998,0.004387740309438933,0.005850320412585244,0.4387740309438933,0.5850320412585244,1.2112464622329697,0.825595806617647
4260,Chicken thigh,8.16,4.1,0.75,"Chicken thigh, NS as to cooking method, skin not eaten",0.0,321.0,"Carotene, beta",UG,1.9902439024390246,2.653658536585366,1859.7271999999998,0.004387740309438933,0.005850320412585244,0.4387740309438933,0.5850320412585244,inf,0.0
4261,Chicken thigh,8.16,4.1,0.75,"Chicken thigh, NS as to cooking method, skin not eaten",0.0,573.0,"Vitamin E, added",MG,1.9902439024390246,2.653658536585366,1859.7271999999998,0.004387740309438933,0.005850320412585244,0.4387740309438933,0.5850320412585244,inf,0.0
4262,Chicken thigh,8.16,4.1,0.75,"Chicken thigh, NS as to cooking method, skin not eaten",0.234,405.0,Riboflavin,MG,1.9902439024390246,2.653658536585366,1859.7271999999998,0.004387740309438933,0.005850320412585244,0.4387740309438933,0.5850320412585244,2.500136928455232,0.39997809264705886
4263,Chicken thigh,8.16,4.1,0.75,"Chicken thigh, NS as to cooking method, skin not eaten",64.35,255.0,Water,G,1.9902439024390246,2.653658536585366,1859.7271999999998,0.004387740309438933,0.005850320412585244,0.4387740309438933,0.5850320412585244,0.009091407012564482,109.99397547794116
4264,Chicken thigh,8.16,4.1,0.75,"Chicken thigh, NS as to cooking method, skin not eaten",3.902,617.0,MUFA 18:1,G,1.9902439024390246,2.653658536585366,1859.7271999999998,0.004387740309438933,0.005850320412585244,0.4387740309438933,0.5850320412585244,0.14993132784687963,6.669720160294117
4265,Chicken thigh,8.16,4.1,0.75,"Chicken thigh, NS as to cooking method, skin not eaten",0.0,629.0,PUFA 20:5 n-3 (EPA),G,1.9902439024390246,2.653658536585366,1859.7271999999998,0.004387740309438933,0.005850320412585244,0.4387740309438933,0.5850320412585244,inf,0.0
4266,Chicken thigh,8.16,4.1,0.75,"Chicken thigh, NS as to cooking method, skin not eaten",0.97,303.0,"Iron, Fe",MG,1.9902439024390246,2.653658536585366,1859.7271999999998,0.004387740309438933,0.005850320412585244,0.4387740309438933,0.5850320412585244,0.6031258157304376,1.6580288455882353
4267,Chicken thigh,8.16,4.1,0.75,"Chicken thigh, NS as to cooking method, skin not eaten",0.0,578.0,"Vitamin B-12, added",UG,1.9902439024390246,2.653658536585366,1859.7271999999998,0.004387740309438933,0.005850320412585244,0.4387740309438933,0.5850320412585244,inf,0.0
4268,Chicken thigh,8.16,4.1,0.75,"Chicken thigh, NS as to cooking method, skin not eaten",0.084,312.0,"Copper, Cu",MG,1.9902439024390246,2.653658536585366,1859.7271999999998,0.004387740309438933,0.005850320412585244,0.4387740309438933,0.5850320412585244,6.964667157839576,0.1435818794117647
4269,Chicken thigh,8.16,4.1,0.75,"Chicken thigh, NS as to cooking method, skin not eaten",0.0,431.0,Folic acid,UG,1.9902439024390246,2.653658536585366,1859.7271999999998,0.004387740309438933,0.005850320412585244,0.4387740309438933,0.5850320412585244,inf,0.0
4270,Chicken thigh,8.16,4.1,0.75,"Chicken thigh, NS as to cooking method, skin not eaten",0.0,221.0,"Alcohol, ethyl",G,1.9902439024390246,2.653658536585366,1859.7271999999998,0.004387740309438933,0.005850320412585244,0.4387740309438933,0.5850320412585244,inf,0.0
4271,Chicken thigh,8.16,4.1,0.75,"Chicken thigh, NS as to cooking method, skin not eaten",0.0,430.0,Vitamin K (phylloquinone),UG,1.9902439024390246,2.653658536585366,1859.7271999999998,0.004387740309438933,0.005850320412585244,0.4387740309438933,0.5850320412585244,inf,0.0
4272,Chicken thigh,8.16,4.1,0.75,"Chicken thigh, NS as to cooking method, skin not eaten",2.777,606.0,"Fatty acids, total saturated",G,1.9902439024390246,2.653658536585366,1859.7271999999998,0.004387740309438933,0.005850320412585244,0.4387740309438933,0.5850320412585244,0.2106705225993966,4.746748561029412
4273,Chicken thigh,8.16,4.1,0.75,"Chicken thigh, NS as to cooking method, skin not eaten",0.056,612.0,SFA 14:0,G,1.9902439024390246,2.653658536585366,1859.7271999999998,0.004387740309438933,0.005850320412585244,0.4387740309438933,0.5850320412585244,10.447000736759364,0.09572125294117648
4274,Chicken thigh,8.16,4.1,0.75,"Chicken thigh, NS as to cooking method, skin not eaten",2.219,613.0,SFA 16:0,G,1.9902439024390246,2.653658536585366,1859.7271999999998,0.004387740309438933,0.005850320412585244,0.4387740309438933,0.5850320412585244,0.26364670629045717,3.7929546477941174
4275,Chicken thigh,8.16,4.1,0.75,"Chicken thigh, NS as to cooking method, skin not eaten",0.0,269.0,"Sugars, Total",G,1.9902439024390246,2.653658536585366,1859.7271999999998,0.004387740309438933,0.005850320412585244,0.4387740309438933,0.5850320412585244,inf,0.0
4276,Chicken thigh,8.16,4.1,0.75,"Chicken thigh, NS as to cooking method, skin not eaten",2.0,309.0,"Zinc, Zn",MG,1.9902439024390246,2.653658536585366,1859.7271999999998,0.004387740309438933,0.005850320412585244,0.4387740309438933,0.5850320412585244,0.2925160206292622,3.418616176470588
4277,Chicken thigh,8.16,4.1,0.75,"Chicken thigh, NS as to cooking method, skin not eaten",13.0,320.0,"Vitamin A, RAE",UG,1.9902439024390246,2.653658536585366,1859.7271999999998,0.004387740309438933,0.005850320412585244,0.4387740309438933,0.5850320412585244,0.045002464712194185,22.221005147058822
4278,Chicken thigh,8.16,4.1,0.75,"Chicken thigh, NS as to cooking method, skin not eaten",216.0,305.0,"Phosphorus, P",MG,1.9902439024390246,2.653658536585366,1859.7271999999998,0.004387740309438933,0.005850320412585244,0.4387740309438933,0.5850320412585244,0.0027084816724931684,369.2105470588235
4279,Chicken thigh,8.16,4.1,0.75,"Chicken thigh, NS as to cooking method, skin not eaten",0.783,626.0,MUFA 16:1,G,1.9902439024390246,2.653658536585366,1859.7271999999998,0.004387740309438933,0.005850320412585244,0.4387740309438933,0.5850320412585244,0.7471673579291499,1.3383882330882353
4280,Chicken thigh,8.16,4.1,0.75,"Chicken thigh, NS as to cooking method, skin not eaten",0.0,609.0,SFA 8:0,G,1.9902439024390246,2.653658536585366,1859.7271999999998,0.004387740309438933,0.005850320412585244,0.4387740309438933,0.5850320412585244,inf,0.0
4281,Chicken thigh,8.16,4.1,0.75,"Chicken thigh, NS as to cooking method, skin not eaten",0.031,620.0,PUFA 20:4,G,1.9902439024390246,2.653658536585366,1859.7271999999998,0.004387740309438933,0.005850320412585244,0.4387740309438933,0.5850320412585244,18.872001330920142,0.05298855073529412
4282,Chicken thigh,8.16,4.1,0.75,"Chicken thigh, NS as to cooking method, skin not eaten",0.0,334.0,"Cryptoxanthin, beta",UG,1.9902439024390246,2.653658536585366,1859.7271999999998,0.004387740309438933,0.005850320412585244,0.4387740309438933,0.5850320412585244,inf,0.0
4283,Chicken thigh,8.16,4.1,0.75,"Chicken thigh, NS as to cooking method, skin not eaten",128.0,601.0,Cholesterol,MG,1.9902439024390246,2.653658536585366,1859.7271999999998,0.004387740309438933,0.005850320412585244,0.4387740309438933,0.5850320412585244,0.004570562822332222,218.79143529411763
4284,Chicken thigh,8.16,4.1,0.75,"Chicken thigh, NS as to cooking method, skin not eaten",0.001,611.0,SFA 12:0,G,1.9902439024390246,2.653658536585366,1859.7271999999998,0.004387740309438933,0.005850320412585244,0.4387740309438933,0.5850320412585244,585.0320412585244,0.0017093080882352942
4285,Chicken thigh,8.16,4.1,0.75,"Chicken thigh, NS as to cooking method, skin not eaten",335.0,307.0,"Sodium, Na",MG,1.9902439024390246,2.653658536585366,1859.7271999999998,0.004387740309438933,0.005850320412585244,0.4387740309438933,0.5850320412585244,0.0017463643022642519,572.6182095588235
4286,Chicken thigh,8.16,4.1,0.75,"Chicken thigh, NS as to cooking method, skin not eaten",5.441,406.0,Niacin,MG,1.9902439024390246,2.653658536585366,1859.7271999999998,0.004387740309438933,0.005850320412585244,0.4387740309438933,0.5850320412585244,0.10752288940608792,9.300345308088234
4287,Chicken thigh,8.16,4.1,0.75,"Chicken thigh, NS as to cooking method, skin not eaten",8.0,435.0,"Folate, DFE",UG,1.9902439024390246,2.653658536585366,1859.7271999999998,0.004387740309438933,0.005850320412585244,0.4387740309438933,0.5850320412585244,0.07312900515731555,13.674464705882352
4288,Chicken thigh,8.16,4.1,0.75,"Chicken thigh, NS as to cooking method, skin not eaten",21.0,304.0,"Magnesium, Mg",MG,1.9902439024390246,2.653658536585366,1859.7271999999998,0.004387740309438933,0.005850320412585244,0.4387740309438933,0.5850320412585244,0.027858668631358302,35.895469852941176
4289,Chicken thigh,8.16,4.1,0.75,"Chicken thigh, NS as to cooking method, skin not eaten",13.0,301.0,"Calcium, Ca",MG,1.9902439024390246,2.653658536585366,1859.7271999999998,0.004387740309438933,0.005850320412585244,0.4387740309438933,0.5850320412585244,0.045002464712194185,22.221005147058822
4290,Chicken thigh,8.16,4.1,0.75,"Chicken thigh, NS as to cooking method, skin not eaten",0.176,415.0,Vitamin B-6,MG,1.9902439024390246,2.653658536585366,1859.7271999999998,0.004387740309438933,0.005850320412585244,0.4387740309438933,0.5850320412585244,3.3240456889688885,0.30083822352941175
4291,Chicken thigh,8.16,4.1,0.75,"Chicken thigh, NS as to cooking method, skin not eaten",0.0,621.0,PUFA 22:6 n-3 (DHA),G,1.9902439024390246,2.653658536585366,1859.7271999999998,0.004387740309438933,0.005850320412585244,0.4387740309438933,0.5850320412585244,inf,0.0
4292,Chicken thigh,8.16,4.1,0.75,"Chicken thigh, NS as to cooking method, skin not eaten",0.48,323.0,Vitamin E (alpha-tocopherol),MG,1.9902439024390246,2.653658536585366,1859.7271999999998,0.004387740309438933,0.005850320412585244,0.4387740309438933,0.5850320412585244,1.2188167526219258,0.8204678823529411
4293,Chicken thigh,8.16,4.1,0.75,"Chicken thigh, NS as to cooking method, skin not eaten",0.0,338.0,Lutein + zeaxanthin,UG,1.9902439024390246,2.653658536585366,1859.7271999999998,0.004387740309438933,0.005850320412585244,0.4387740309438933,0.5850320412585244,inf,0.0
4294,Chicken thigh,8.16,4.1,0.75,"Chicken thigh, NS as to cooking method, skin not eaten",0.45,418.0,Vitamin B-12,UG,1.9902439024390246,2.653658536585366,1859.7271999999998,0.004387740309438933,0.005850320412585244,0.4387740309438933,0.5850320412585244,1.3000712027967207,0.7691886397058824
4295,Chicken thigh,8.16,4.1,0.75,"Chicken thigh, NS as to cooking method, skin not eaten",1.621,646.0,"Fatty acids, total polyunsaturated",G,1.9902439024390246,2.653658536585366,1859.7271999999998,0.004387740309438933,0.005850320412585244,0.4387740309438933,0.5850320412585244,0.3609081068837288,2.770788411029412
4296,Chicken thigh,8.16,4.1,0.75,"Chicken thigh, NS as to cooking method, skin not eaten",0.0,262.0,Caffeine,MG,1.9902439024390246,2.653658536585366,1859.7271999999998,0.004387740309438933,0.005850320412585244,0.4387740309438933,0.5850320412585244,inf,0.0
4297,Chicken thigh,8.16,4.1,0.75,"Chicken thigh, NS as to cooking method, skin not eaten",0.0,627.0,PUFA 18:4,G,1.9902439024390246,2.653658536585366,1859.7271999999998,0.004387740309438933,0.005850320412585244,0.4387740309438933,0.5850320412585244,inf,0.0
4298,Turkey,2.99,1.0,0.75,"Turkey, NFS",10.0,417.0,"Folate, total",UG,2.99,3.986666666666667,453.592,0.006591827016349495,0.008789102688465994,0.6591827016349495,0.8789102688465994,0.08789102688465994,11.37772575250836
4299,Turkey,2.99,1.0,0.75,"Turkey, NFS",0.204,405.0,Riboflavin,MG,2.99,3.986666666666667,453.592,0.006591827016349495,0.008789102688465994,0.6591827016349495,0.8789102688465994,4.308383670816664,0.23210560535117053
4300,Turkey,2.99,1.0,0.75,"Turkey, NFS",0.0,430.0,Vitamin K (phylloquinone),UG,2.99,3.986666666666667,453.592,0.006591827016349495,0.008789102688465994,0.6591827016349495,0.8789102688465994,inf,0.0
4301,Turkey,2.99,1.0,0.75,"Turkey, NFS",29.9,317.0,"Selenium, Se",UG,2.99,3.986666666666667,453.592,0.006591827016349495,0.008789102688465994,0.6591827016349495,0.8789102688465994,0.02939499226911704,34.0194
4302,Turkey,2.99,1.0,0.75,"Turkey, NFS",31.0,304.0,"Magnesium, Mg",MG,2.99,3.986666666666667,453.592,0.006591827016349495,0.008789102688465994,0.6591827016349495,0.8789102688465994,0.028351944156341916,35.27094983277591
4303,Turkey,2.99,1.0,0.75,"Turkey, NFS",10.0,432.0,"Folate, food",UG,2.99,3.986666666666667,453.592,0.006591827016349495,0.008789102688465994,0.6591827016349495,0.8789102688465994,0.08789102688465994,11.37772575250836
4304,Turkey,2.99,1.0,0.75,"Turkey, NFS",0.06,323.0,Vitamin E (alpha-tocopherol),MG,2.99,3.986666666666667,453.592,0.006591827016349495,0.008789102688465994,0.6591827016349495,0.8789102688465994,14.648504480776657,0.06826635451505016
4305,Turkey,2.99,1.0,0.75,"Turkey, NFS",1.63,309.0,"Zinc, Zn",MG,2.99,3.986666666666667,453.592,0.006591827016349495,0.008789102688465994,0.6591827016349495,0.8789102688465994,0.5392087538936193,1.8545692976588626
4306,Turkey,2.99,1.0,0.75,"Turkey, NFS",0.008,628.0,MUFA 20:1,G,2.99,3.986666666666667,453.592,0.006591827016349495,0.008789102688465994,0.6591827016349495,0.8789102688465994,109.86378360582492,0.009102180602006689
4307,Turkey,2.99,1.0,0.75,"Turkey, NFS",0.369,613.0,SFA 16:0,G,2.99,3.986666666666667,453.592,0.006591827016349495,0.008789102688465994,0.6591827016349495,0.8789102688465994,2.381870647280757,0.4198380802675585
4308,Turkey,2.99,1.0,0.75,"Turkey, NFS",0.0,609.0,SFA 8:0,G,2.99,3.986666666666667,453.592,0.006591827016349495,0.008789102688465994,0.6591827016349495,0.8789102688465994,inf,0.0
4309,Turkey,2.99,1.0,0.75,"Turkey, NFS",0.0,205.0,"Carbohydrate, by difference",G,2.99,3.986666666666667,453.592,0.006591827016349495,0.008789102688465994,0.6591827016349495,0.8789102688465994,inf,0.0
4310,Turkey,2.99,1.0,0.75,"Turkey, NFS",3.0,320.0,"Vitamin A, RAE",UG,2.99,3.986666666666667,453.592,0.006591827016349495,0.008789102688465994,0.6591827016349495,0.8789102688465994,0.2929700896155331,3.413317725752508
4311,Turkey,2.99,1.0,0.75,"Turkey, NFS",139.0,208.0,Energy,KCAL,2.99,3.986666666666667,453.592,0.006591827016349495,0.008789102688465994,0.6591827016349495,0.8789102688465994,0.006323095459328053,158.1503879598662
4312,Turkey,2.99,1.0,0.75,"Turkey, NFS",0.0,338.0,Lutein + zeaxanthin,UG,2.99,3.986666666666667,453.592,0.006591827016349495,0.008789102688465994,0.6591827016349495,0.8789102688465994,inf,0.0
4313,Turkey,2.99,1.0,0.75,"Turkey, NFS",68.09,255.0,Water,G,2.99,3.986666666666667,453.592,0.006591827016349495,0.008789102688465994,0.6591827016349495,0.8789102688465994,0.012908066806382719,77.47093464882943
4314,Turkey,2.99,1.0,0.75,"Turkey, NFS",3.0,319.0,Retinol,UG,2.99,3.986666666666667,453.592,0.006591827016349495,0.008789102688465994,0.6591827016349495,0.8789102688465994,0.2929700896155331,3.413317725752508
4315,Turkey,2.99,1.0,0.75,"Turkey, NFS",0.65,303.0,"Iron, Fe",MG,2.99,3.986666666666667,453.592,0.006591827016349495,0.008789102688465994,0.6591827016349495,0.8789102688465994,1.3521696443793836,0.7395521739130434
4316,Turkey,2.99,1.0,0.75,"Turkey, NFS",11.652,406.0,Niacin,MG,2.99,3.986666666666667,453.592,0.006591827016349495,0.008789102688465994,0.6591827016349495,0.8789102688465994,0.07542999217701678,13.25732604682274
4317,Turkey,2.99,1.0,0.75,"Turkey, NFS",0.0,578.0,"Vitamin B-12, added",UG,2.99,3.986666666666667,453.592,0.006591827016349495,0.008789102688465994,0.6591827016349495,0.8789102688465994,inf,0.0
4318,Turkey,2.99,1.0,0.75,"Turkey, NFS",11.0,301.0,"Calcium, Ca",MG,2.99,3.986666666666667,453.592,0.006591827016349495,0.008789102688465994,0.6591827016349495,0.8789102688465994,0.07990093353150904,12.515498327759197
4319,Turkey,2.99,1.0,0.75,"Turkey, NFS",0.0,263.0,Theobromine,MG,2.99,3.986666666666667,453.592,0.006591827016349495,0.008789102688465994,0.6591827016349495,0.8789102688465994,inf,0.0
4320,Turkey,2.99,1.0,0.75,"Turkey, NFS",10.0,435.0,"Folate, DFE",UG,2.99,3.986666666666667,453.592,0.006591827016349495,0.008789102688465994,0.6591827016349495,0.8789102688465994,0.08789102688465994,11.37772575250836
4321,Turkey,2.99,1.0,0.75,"Turkey, NFS",2.06,204.0,Total lipid (fat),G,2.99,3.986666666666667,453.592,0.006591827016349495,0.008789102688465994,0.6591827016349495,0.8789102688465994,0.4266554703138832,2.3438115050167223
4322,Turkey,2.99,1.0,0.75,"Turkey, NFS",0.0,573.0,"Vitamin E, added",MG,2.99,3.986666666666667,453.592,0.006591827016349495,0.008789102688465994,0.6591827016349495,0.8789102688465994,inf,0.0
4323,Turkey,2.99,1.0,0.75,"Turkey, NFS",0.3,328.0,Vitamin D (D2 + D3),UG,2.99,3.986666666666667,453.592,0.006591827016349495,0.008789102688465994,0.6591827016349495,0.8789102688465994,2.9297008961553312,0.34133177257525077
4324,Turkey,2.99,1.0,0.75,"Turkey, NFS",0.551,617.0,MUFA 18:1,G,2.99,3.986666666666667,453.592,0.006591827016349495,0.008789102688465994,0.6591827016349495,0.8789102688465994,1.5951184552569861,0.6269126889632107
4325,Turkey,2.99,1.0,0.75,"Turkey, NFS",237.0,305.0,"Phosphorus, P",MG,2.99,3.986666666666667,453.592,0.006591827016349495,0.008789102688465994,0.6591827016349495,0.8789102688465994,0.003708482147032065,269.6521003344481
4326,Turkey,2.99,1.0,0.75,"Turkey, NFS",0.004,610.0,SFA 10:0,G,2.99,3.986666666666667,453.592,0.006591827016349495,0.008789102688465994,0.6591827016349495,0.8789102688465994,219.72756721164984,0.0045510903010033445
4327,Turkey,2.99,1.0,0.75,"Turkey, NFS",0.0,322.0,"Carotene, alpha",UG,2.99,3.986666666666667,453.592,0.006591827016349495,0.008789102688465994,0.6591827016349495,0.8789102688465994,inf,0.0
4328,Turkey,2.99,1.0,0.75,"Turkey, NFS",247.0,306.0,"Potassium, K",MG,2.99,3.986666666666667,453.592,0.006591827016349495,0.008789102688465994,0.6591827016349495,0.8789102688465994,0.0035583411694194308,281.02982608695646
4329,Turkey,2.99,1.0,0.75,"Turkey, NFS",0.588,606.0,"Fatty acids, total saturated",G,2.99,3.986666666666667,453.592,0.006591827016349495,0.008789102688465994,0.6591827016349495,0.8789102688465994,1.4947453551812915,0.6690102742474915
4330,Turkey,2.99,1.0,0.75,"Turkey, NFS",0.005,631.0,PUFA 22:5 n-3 (DPA),G,2.99,3.986666666666667,453.592,0.006591827016349495,0.008789102688465994,0.6591827016349495,0.8789102688465994,175.78205376931987,0.00568886287625418
4331,Turkey,2.99,1.0,0.75,"Turkey, NFS",0.044,620.0,PUFA 20:4,G,2.99,3.986666666666667,453.592,0.006591827016349495,0.008789102688465994,0.6591827016349495,0.8789102688465994,19.97523338287726,0.05006199331103678
4332,Turkey,2.99,1.0,0.75,"Turkey, NFS",0.0,337.0,Lycopene,UG,2.99,3.986666666666667,453.592,0.006591827016349495,0.008789102688465994,0.6591827016349495,0.8789102688465994,inf,0.0
4333,Turkey,2.99,1.0,0.75,"Turkey, NFS",0.82,418.0,Vitamin B-12,UG,2.99,3.986666666666667,453.592,0.006591827016349495,0.008789102688465994,0.6591827016349495,0.8789102688465994,1.0718417912763407,0.9329735117056854
4334,Turkey,2.99,1.0,0.75,"Turkey, NFS",0.0,431.0,Folic acid,UG,2.99,3.986666666666667,453.592,0.006591827016349495,0.008789102688465994,0.6591827016349495,0.8789102688465994,inf,0.0
4335,Turkey,2.99,1.0,0.75,"Turkey, NFS",0.0,608.0,SFA 6:0,G,2.99,3.986666666666667,453.592,0.006591827016349495,0.008789102688465994,0.6591827016349495,0.8789102688465994,inf,0.0
4336,Turkey,2.99,1.0,0.75,"Turkey, NFS",0.179,614.0,SFA 18:0,G,2.99,3.986666666666667,453.592,0.006591827016349495,0.008789102688465994,0.6591827016349495,0.8789102688465994,4.910113233779885,0.20366129096989963
4337,Turkey,2.99,1.0,0.75,"Turkey, NFS",467.0,307.0,"Sodium, Na",MG,2.99,3.986666666666667,453.592,0.006591827016349495,0.008789102688465994,0.6591827016349495,0.8789102688465994,0.0018820348369306197,531.3397926421404
4338,Turkey,2.99,1.0,0.75,"Turkey, NFS",0.0,291.0,"Fiber, total dietary",G,2.99,3.986666666666667,453.592,0.006591827016349495,0.008789102688465994,0.6591827016349495,0.8789102688465994,inf,0.0
4339,Turkey,2.99,1.0,0.75,"Turkey, NFS",0.763,415.0,Vitamin B-6,MG,2.99,3.986666666666667,453.592,0.006591827016349495,0.008789102688465994,0.6591827016349495,0.8789102688465994,1.151913851699344,0.8681204749163879
4340,Turkey,2.99,1.0,0.75,"Turkey, NFS",0.056,626.0,MUFA 16:1,G,2.99,3.986666666666667,453.592,0.006591827016349495,0.008789102688465994,0.6591827016349495,0.8789102688465994,15.69482622940356,0.06371526421404682
4341,Turkey,2.99,1.0,0.75,"Turkey, NFS",28.81,203.0,Protein,G,2.99,3.986666666666667,453.592,0.006591827016349495,0.008789102688465994,0.6591827016349495,0.8789102688465994,0.030507124916577557,32.779227892976586
4342,Turkey,2.99,1.0,0.75,"Turkey, NFS",0.062,312.0,"Copper, Cu",MG,2.99,3.986666666666667,453.592,0.006591827016349495,0.008789102688465994,0.6591827016349495,0.8789102688465994,14.175972078170958,0.07054189966555183
4343,Turkey,2.99,1.0,0.75,"Turkey, NFS",0.0,607.0,SFA 4:0,G,2.99,3.986666666666667,453.592,0.006591827016349495,0.008789102688465994,0.6591827016349495,0.8789102688465994,inf,0.0
4344,Turkey,2.99,1.0,0.75,"Turkey, NFS",0.427,618.0,PUFA 18:2,G,2.99,3.986666666666667,453.592,0.006591827016349495,0.008789102688465994,0.6591827016349495,0.8789102688465994,2.0583378661512866,0.48582888963210696
4345,Turkey,2.99,1.0,0.75,"Turkey, NFS",0.036,404.0,Thiamin,MG,2.99,3.986666666666667,453.592,0.006591827016349495,0.008789102688465994,0.6591827016349495,0.8789102688465994,24.414174134627764,0.04095981270903009
4346,Turkey,2.99,1.0,0.75,"Turkey, NFS",0.524,646.0,"Fatty acids, total polyunsaturated",G,2.99,3.986666666666667,453.592,0.006591827016349495,0.008789102688465994,0.6591827016349495,0.8789102688465994,1.6773096733713728,0.596192829431438
4347,Turkey,2.99,1.0,0.75,"Turkey, NFS",0.005,611.0,SFA 12:0,G,2.99,3.986666666666667,453.592,0.006591827016349495,0.008789102688465994,0.6591827016349495,0.8789102688465994,175.78205376931987,0.00568886287625418
4348,Turkey,2.99,1.0,0.75,"Turkey, NFS",76.0,601.0,Cholesterol,MG,2.99,3.986666666666667,453.592,0.006591827016349495,0.008789102688465994,0.6591827016349495,0.8789102688465994,0.01156460880061315,86.47071571906353
4349,Turkey,2.99,1.0,0.75,"Turkey, NFS",0.004,629.0,PUFA 20:5 n-3 (EPA),G,2.99,3.986666666666667,453.592,0.006591827016349495,0.008789102688465994,0.6591827016349495,0.8789102688465994,219.72756721164984,0.0045510903010033445
4350,Turkey,2.99,1.0,0.75,"Turkey, NFS",0.0,321.0,"Carotene, beta",UG,2.99,3.986666666666667,453.592,0.006591827016349495,0.008789102688465994,0.6591827016349495,0.8789102688465994,inf,0.0
4351,Turkey,2.99,1.0,0.75,"Turkey, NFS",0.018,612.0,SFA 14:0,G,2.99,3.986666666666667,453.592,0.006591827016349495,0.008789102688465994,0.6591827016349495,0.8789102688465994,48.82834826925553,0.020479906354515045
4352,Turkey,2.99,1.0,0.75,"Turkey, NFS",0.621,645.0,"Fatty acids, total monounsaturated",G,2.99,3.986666666666667,453.592,0.006591827016349495,0.008789102688465994,0.6591827016349495,0.8789102688465994,1.4153144425871167,0.7065567692307692
4353,Turkey,2.99,1.0,0.75,"Turkey, NFS",78.1,421.0,"Choline, total",MG,2.99,3.986666666666667,453.592,0.006591827016349495,0.008789102688465994,0.6591827016349495,0.8789102688465994,0.011253652610071696,88.86003812709028
4354,Turkey,2.99,1.0,0.75,"Turkey, NFS",0.02,619.0,PUFA 18:3,G,2.99,3.986666666666667,453.592,0.006591827016349495,0.008789102688465994,0.6591827016349495,0.8789102688465994,43.94551344232997,0.02275545150501672
4355,Turkey,2.99,1.0,0.75,"Turkey, NFS",0.0,334.0,"Cryptoxanthin, beta",UG,2.99,3.986666666666667,453.592,0.006591827016349495,0.008789102688465994,0.6591827016349495,0.8789102688465994,inf,0.0
4356,Turkey,2.99,1.0,0.75,"Turkey, NFS",0.0,262.0,Caffeine,MG,2.99,3.986666666666667,453.592,0.006591827016349495,0.008789102688465994,0.6591827016349495,0.8789102688465994,inf,0.0
4357,Turkey,2.99,1.0,0.75,"Turkey, NFS",0.0,401.0,"Vitamin C, total ascorbic acid",MG,2.99,3.986666666666667,453.592,0.006591827016349495,0.008789102688465994,0.6591827016349495,0.8789102688465994,inf,0.0
4358,Turkey,2.99,1.0,0.75,"Turkey, NFS",0.0,269.0,"Sugars, Total",G,2.99,3.986666666666667,453.592,0.006591827016349495,0.008789102688465994,0.6591827016349495,0.8789102688465994,inf,0.0
4359,Turkey,2.99,1.0,0.75,"Turkey, NFS",0.0,630.0,MUFA 22:1,G,2.99,3.986666666666667,453.592,0.006591827016349495,0.008789102688465994,0.6591827016349495,0.8789102688465994,inf,0.0
4360,Turkey,2.99,1.0,0.75,"Turkey, NFS",0.0,221.0,"Alcohol, ethyl",G,2.99,3.986666666666667,453.592,0.006591827016349495,0.008789102688465994,0.6591827016349495,0.8789102688465994,inf,0.0
4361,Turkey,2.99,1.0,0.75,"Turkey, NFS",0.0,627.0,PUFA 18:4,G,2.99,3.986666666666667,453.592,0.006591827016349495,0.008789102688465994,0.6591827016349495,0.8789102688465994,inf,0.0
4362,Turkey,2.99,1.0,0.75,"Turkey, NFS",0.004,621.0,PUFA 22:6 n-3 (DHA),G,2.99,3.986666666666667,453.592,0.006591827016349495,0.008789102688465994,0.6591827016349495,0.8789102688465994,219.72756721164984,0.0045510903010033445
4363,Beef Liver,1.5,1.0,0.75,"Liver, beef",6.0,301.0,"Calcium, Ca",MG,1.5,2.0,453.592,0.003306936630275666,0.004409248840367555,0.33069366302756664,0.4409248840367555,0.07348748067279258,13.607759999999999
4364,Beef Liver,1.5,1.0,0.75,"Liver, beef",0.0,611.0,SFA 12:0,G,1.5,2.0,453.592,0.003306936630275666,0.004409248840367555,0.33069366302756664,0.4409248840367555,inf,0.0
4365,Beef Liver,1.5,1.0,0.75,"Liver, beef",0.0,631.0,PUFA 22:5 n-3 (DPA),G,1.5,2.0,453.592,0.003306936630275666,0.004409248840367555,0.33069366302756664,0.4409248840367555,inf,0.0
4366,Beef Liver,1.5,1.0,0.75,"Liver, beef",22.0,304.0,"Magnesium, Mg",MG,1.5,2.0,453.592,0.003306936630275666,0.004409248840367555,0.33069366302756664,0.4409248840367555,0.020042040183488888,49.89512
4367,Beef Liver,1.5,1.0,0.75,"Liver, beef",0.0,338.0,Lutein + zeaxanthin,UG,1.5,2.0,453.592,0.003306936630275666,0.004409248840367555,0.33069366302756664,0.4409248840367555,inf,0.0
4368,Beef Liver,1.5,1.0,0.75,"Liver, beef",0.176,404.0,Thiamin,MG,1.5,2.0,453.592,0.003306936630275666,0.004409248840367555,0.33069366302756664,0.4409248840367555,2.505255022936111,0.39916095999999995
4369,Beef Liver,1.5,1.0,0.75,"Liver, beef",11.0,322.0,"Carotene, alpha",UG,1.5,2.0,453.592,0.003306936630275666,0.004409248840367555,0.33069366302756664,0.4409248840367555,0.040084080366977776,24.94756
4370,Beef Liver,1.5,1.0,0.75,"Liver, beef",2.51,606.0,"Fatty acids, total saturated",G,1.5,2.0,453.592,0.003306936630275666,0.004409248840367555,0.33069366302756664,0.4409248840367555,0.17566728447679503,5.692579599999999
4371,Beef Liver,1.5,1.0,0.75,"Liver, beef",32.5,317.0,"Selenium, Se",UG,1.5,2.0,453.592,0.003306936630275666,0.004409248840367555,0.33069366302756664,0.4409248840367555,0.013566919508823246,73.7087
4372,Beef Liver,1.5,1.0,0.75,"Liver, beef",1.2,328.0,Vitamin D (D2 + D3),UG,1.5,2.0,453.592,0.003306936630275666,0.004409248840367555,0.33069366302756664,0.4409248840367555,0.3674374033639629,2.721552
4373,Beef Liver,1.5,1.0,0.75,"Liver, beef",0.0,618.0,PUFA 18:2,G,1.5,2.0,453.592,0.003306936630275666,0.004409248840367555,0.33069366302756664,0.4409248840367555,inf,0.0
4374,Beef Liver,1.5,1.0,0.75,"Liver, beef",82.47,418.0,Vitamin B-12,UG,1.5,2.0,453.592,0.003306936630275666,0.004409248840367555,0.33069366302756664,0.4409248840367555,0.005346488226467267,187.0386612
4375,Beef Liver,1.5,1.0,0.75,"Liver, beef",4.64,204.0,Total lipid (fat),G,1.5,2.0,453.592,0.003306936630275666,0.004409248840367555,0.33069366302756664,0.4409248840367555,0.09502691466309386,10.5233344
4376,Beef Liver,1.5,1.0,0.75,"Liver, beef",1.667,614.0,SFA 18:0,G,1.5,2.0,453.592,0.003306936630275666,0.004409248840367555,0.33069366302756664,0.4409248840367555,0.2645020300160501,3.78068932
4377,Beef Liver,1.5,1.0,0.75,"Liver, beef",258.0,435.0,"Folate, DFE",UG,1.5,2.0,453.592,0.003306936630275666,0.004409248840367555,0.33069366302756664,0.4409248840367555,0.001709011178437037,585.13368
4378,Beef Liver,1.5,1.0,0.75,"Liver, beef",3.9,430.0,Vitamin K (phylloquinone),UG,1.5,2.0,453.592,0.003306936630275666,0.004409248840367555,0.33069366302756664,0.4409248840367555,0.11305766257352705,8.845044
4379,Beef Liver,1.5,1.0,0.75,"Liver, beef",17.336,406.0,Niacin,MG,1.5,2.0,453.592,0.003306936630275666,0.004409248840367555,0.33069366302756664,0.4409248840367555,0.0254340611465595,39.31735456
4380,Beef Liver,1.5,1.0,0.75,"Liver, beef",5.12,205.0,"Carbohydrate, by difference",G,1.5,2.0,453.592,0.003306936630275666,0.004409248840367555,0.33069366302756664,0.4409248840367555,0.08611814141342881,11.6119552
4381,Beef Liver,1.5,1.0,0.75,"Liver, beef",0.0,607.0,SFA 4:0,G,1.5,2.0,453.592,0.003306936630275666,0.004409248840367555,0.33069366302756664,0.4409248840367555,inf,0.0
4382,Beef Liver,1.5,1.0,0.75,"Liver, beef",7683.0,320.0,"Vitamin A, RAE",UG,1.5,2.0,453.592,0.003306936630275666,0.004409248840367555,0.33069366302756664,0.4409248840367555,5.738967643326246e-05,17424.736679999998
4383,Beef Liver,1.5,1.0,0.75,"Liver, beef",0.0,629.0,PUFA 20:5 n-3 (EPA),G,1.5,2.0,453.592,0.003306936630275666,0.004409248840367555,0.33069366302756664,0.4409248840367555,inf,0.0
4384,Beef Liver,1.5,1.0,0.75,"Liver, beef",6.12,303.0,"Iron, Fe",MG,1.5,2.0,453.592,0.003306936630275666,0.004409248840367555,0.33069366302756664,0.4409248840367555,0.07204654967920841,13.8799152
4385,Beef Liver,1.5,1.0,0.75,"Liver, beef",258.0,417.0,"Folate, total",UG,1.5,2.0,453.592,0.003306936630275666,0.004409248840367555,0.33069366302756664,0.4409248840367555,0.001709011178437037,585.13368
4386,Beef Liver,1.5,1.0,0.75,"Liver, beef",0.0,578.0,"Vitamin B-12, added",UG,1.5,2.0,453.592,0.003306936630275666,0.004409248840367555,0.33069366302756664,0.4409248840367555,inf,0.0
4387,Beef Liver,1.5,1.0,0.75,"Liver, beef",0.0,630.0,MUFA 22:1,G,1.5,2.0,453.592,0.003306936630275666,0.004409248840367555,0.33069366302756664,0.4409248840367555,inf,0.0
4388,Beef Liver,1.5,1.0,0.75,"Liver, beef",0.0,221.0,"Alcohol, ethyl",G,1.5,2.0,453.592,0.003306936630275666,0.004409248840367555,0.33069366302756664,0.4409248840367555,inf,0.0
4389,Beef Liver,1.5,1.0,0.75,"Liver, beef",14.472,312.0,"Copper, Cu",MG,1.5,2.0,453.592,0.003306936630275666,0.004409248840367555,0.33069366302756664,0.4409248840367555,0.030467446381754804,32.82191712
4390,Beef Liver,1.5,1.0,0.75,"Liver, beef",0.008,628.0,MUFA 20:1,G,1.5,2.0,453.592,0.003306936630275666,0.004409248840367555,0.33069366302756664,0.4409248840367555,55.115610504594436,0.01814368
4391,Beef Liver,1.5,1.0,0.75,"Liver, beef",481.0,305.0,"Phosphorus, P",MG,1.5,2.0,453.592,0.003306936630275666,0.004409248840367555,0.33069366302756664,0.4409248840367555,0.0009166837505961653,1090.88876
4392,Beef Liver,1.5,1.0,0.75,"Liver, beef",7667.0,319.0,Retinol,UG,1.5,2.0,453.592,0.003306936630275666,0.004409248840367555,0.33069366302756664,0.4409248840367555,5.7509440985620905e-05,17388.44932
4393,Beef Liver,1.5,1.0,0.75,"Liver, beef",0.0,262.0,Caffeine,MG,1.5,2.0,453.592,0.003306936630275666,0.004409248840367555,0.33069366302756664,0.4409248840367555,inf,0.0
4394,Beef Liver,1.5,1.0,0.75,"Liver, beef",0.979,617.0,MUFA 18:1,G,1.5,2.0,453.592,0.003306936630275666,0.004409248840367555,0.33069366302756664,0.4409248840367555,0.45038292547166037,2.2203328399999998
4395,Beef Liver,1.5,1.0,0.75,"Liver, beef",0.036,619.0,PUFA 18:3,G,1.5,2.0,453.592,0.003306936630275666,0.004409248840367555,0.33069366302756664,0.4409248840367555,12.247913445465432,0.08164655999999999
4396,Beef Liver,1.5,1.0,0.75,"Liver, beef",0.0,263.0,Theobromine,MG,1.5,2.0,453.592,0.003306936630275666,0.004409248840367555,0.33069366302756664,0.4409248840367555,inf,0.0
4397,Beef Liver,1.5,1.0,0.75,"Liver, beef",0.0,610.0,SFA 10:0,G,1.5,2.0,453.592,0.003306936630275666,0.004409248840367555,0.33069366302756664,0.4409248840367555,inf,0.0
4398,Beef Liver,1.5,1.0,0.75,"Liver, beef",1.013,646.0,"Fatty acids, total polyunsaturated",G,1.5,2.0,453.592,0.003306936630275666,0.004409248840367555,0.33069366302756664,0.4409248840367555,0.43526642056935394,2.2974434799999996
4399,Beef Liver,1.5,1.0,0.75,"Liver, beef",0.7,401.0,"Vitamin C, total ascorbic acid",MG,1.5,2.0,453.592,0.003306936630275666,0.004409248840367555,0.33069366302756664,0.4409248840367555,0.6298926914810793,1.587572
4400,Beef Liver,1.5,1.0,0.75,"Liver, beef",0.718,613.0,SFA 16:0,G,1.5,2.0,453.592,0.003306936630275666,0.004409248840367555,0.33069366302756664,0.4409248840367555,0.6141015098004952,1.62839528
4401,Beef Liver,1.5,1.0,0.75,"Liver, beef",1.019,415.0,Vitamin B-6,MG,1.5,2.0,453.592,0.003306936630275666,0.004409248840367555,0.33069366302756664,0.4409248840367555,0.4327035172097699,2.31105124
4402,Beef Liver,1.5,1.0,0.75,"Liver, beef",174.0,208.0,Energy,KCAL,1.5,2.0,453.592,0.003306936630275666,0.004409248840367555,0.33069366302756664,0.4409248840367555,0.0025340510576825027,394.62504
4403,Beef Liver,1.5,1.0,0.75,"Liver, beef",0.0,431.0,Folic acid,UG,1.5,2.0,453.592,0.003306936630275666,0.004409248840367555,0.33069366302756664,0.4409248840367555,inf,0.0
4404,Beef Liver,1.5,1.0,0.75,"Liver, beef",26.31,203.0,Protein,G,1.5,2.0,453.592,0.003306936630275666,0.004409248840367555,0.33069366302756664,0.4409248840367555,0.016758832536554753,59.6700276
4405,Beef Liver,1.5,1.0,0.75,"Liver, beef",181.0,321.0,"Carotene, beta",UG,1.5,2.0,453.592,0.003306936630275666,0.004409248840367555,0.33069366302756664,0.4409248840367555,0.002436049083075997,410.50076
4406,Beef Liver,1.5,1.0,0.75,"Liver, beef",0.0,609.0,SFA 8:0,G,1.5,2.0,453.592,0.003306936630275666,0.004409248840367555,0.33069366302756664,0.4409248840367555,inf,0.0
4407,Beef Liver,1.5,1.0,0.75,"Liver, beef",0.0,621.0,PUFA 22:6 n-3 (DHA),G,1.5,2.0,453.592,0.003306936630275666,0.004409248840367555,0.33069366302756664,0.4409248840367555,inf,0.0
4408,Beef Liver,1.5,1.0,0.75,"Liver, beef",0.037,612.0,SFA 14:0,G,1.5,2.0,453.592,0.003306936630275666,0.004409248840367555,0.33069366302756664,0.4409248840367555,11.916888757750149,0.08391451999999999
4409,Beef Liver,1.5,1.0,0.75,"Liver, beef",0.0,269.0,"Sugars, Total",G,1.5,2.0,453.592,0.003306936630275666,0.004409248840367555,0.33069366302756664,0.4409248840367555,inf,0.0
4410,Beef Liver,1.5,1.0,0.75,"Liver, beef",258.0,432.0,"Folate, food",UG,1.5,2.0,453.592,0.003306936630275666,0.004409248840367555,0.33069366302756664,0.4409248840367555,0.001709011178437037,585.13368
4411,Beef Liver,1.5,1.0,0.75,"Liver, beef",21.0,334.0,"Cryptoxanthin, beta",UG,1.5,2.0,453.592,0.003306936630275666,0.004409248840367555,0.33069366302756664,0.4409248840367555,0.02099642304936931,47.627159999999996
4412,Beef Liver,1.5,1.0,0.75,"Liver, beef",0.0,291.0,"Fiber, total dietary",G,1.5,2.0,453.592,0.003306936630275666,0.004409248840367555,0.33069366302756664,0.4409248840367555,inf,0.0
4413,Beef Liver,1.5,1.0,0.75,"Liver, beef",414.9,421.0,"Choline, total",MG,1.5,2.0,453.592,0.003306936630275666,0.004409248840367555,0.33069366302756664,0.4409248840367555,0.0010627256785653303,940.976604
4414,Beef Liver,1.5,1.0,0.75,"Liver, beef",1.097,645.0,"Fatty acids, total monounsaturated",G,1.5,2.0,453.592,0.003306936630275666,0.004409248840367555,0.33069366302756664,0.4409248840367555,0.40193699547562034,2.48795212
4415,Beef Liver,1.5,1.0,0.75,"Liver, beef",3.398,405.0,Riboflavin,MG,1.5,2.0,453.592,0.003306936630275666,0.004409248840367555,0.33069366302756664,0.4409248840367555,0.12976011890428354,7.70652808
4416,Beef Liver,1.5,1.0,0.75,"Liver, beef",0.0,627.0,PUFA 18:4,G,1.5,2.0,453.592,0.003306936630275666,0.004409248840367555,0.33069366302756664,0.4409248840367555,inf,0.0
4417,Beef Liver,1.5,1.0,0.75,"Liver, beef",0.085,626.0,MUFA 16:1,G,1.5,2.0,453.592,0.003306936630275666,0.004409248840367555,0.33069366302756664,0.4409248840367555,5.187351576903006,0.19277660000000002
4418,Beef Liver,1.5,1.0,0.75,"Liver, beef",348.0,306.0,"Potassium, K",MG,1.5,2.0,453.592,0.003306936630275666,0.004409248840367555,0.33069366302756664,0.4409248840367555,0.0012670255288412514,789.25008
4419,Beef Liver,1.5,1.0,0.75,"Liver, beef",384.0,307.0,"Sodium, Na",MG,1.5,2.0,453.592,0.003306936630275666,0.004409248840367555,0.33069366302756664,0.4409248840367555,0.001148241885512384,870.8966399999999
4420,Beef Liver,1.5,1.0,0.75,"Liver, beef",0.0,337.0,Lycopene,UG,1.5,2.0,453.592,0.003306936630275666,0.004409248840367555,0.33069366302756664,0.4409248840367555,inf,0.0
4421,Beef Liver,1.5,1.0,0.75,"Liver, beef",0.0,573.0,"Vitamin E, added",MG,1.5,2.0,453.592,0.003306936630275666,0.004409248840367555,0.33069366302756664,0.4409248840367555,inf,0.0
4422,Beef Liver,1.5,1.0,0.75,"Liver, beef",61.52,255.0,Water,G,1.5,2.0,453.592,0.003306936630275666,0.004409248840367555,0.33069366302756664,0.4409248840367555,0.0071671795194531126,139.5248992
4423,Beef Liver,1.5,1.0,0.75,"Liver, beef",378.0,601.0,Cholesterol,MG,1.5,2.0,453.592,0.003306936630275666,0.004409248840367555,0.33069366302756664,0.4409248840367555,0.001166467947187184,857.28888
4424,Beef Liver,1.5,1.0,0.75,"Liver, beef",0.0,608.0,SFA 6:0,G,1.5,2.0,453.592,0.003306936630275666,0.004409248840367555,0.33069366302756664,0.4409248840367555,inf,0.0
4425,Beef Liver,1.5,1.0,0.75,"Liver, beef",0.306,620.0,PUFA 20:4,G,1.5,2.0,453.592,0.003306936630275666,0.004409248840367555,0.33069366302756664,0.4409248840367555,1.4409309935841683,0.69399576
4426,Beef Liver,1.5,1.0,0.75,"Liver, beef",0.46,323.0,Vitamin E (alpha-tocopherol),MG,1.5,2.0,453.592,0.003306936630275666,0.004409248840367555,0.33069366302756664,0.4409248840367555,0.9585323566016424,1.0432616000000001
4427,Beef Liver,1.5,1.0,0.75,"Liver, beef",5.19,309.0,"Zinc, Zn",MG,1.5,2.0,453.592,0.003306936630275666,0.004409248840367555,0.33069366302756664,0.4409248840367555,0.08495662505525153,11.7707124
4428,Pork,4.0,1.0,0.75,"Pork, chop, NS as to fat eaten",0.0,205.0,"Carbohydrate, by difference",G,4.0,5.333333333333333,453.592,0.00881849768073511,0.011757996907646815,0.881849768073511,1.1757996907646815,inf,0.0
4429,Pork,4.0,1.0,0.75,"Pork, chop, NS as to fat eaten",0.05,628.0,MUFA 20:1,G,4.0,5.333333333333333,453.592,0.00881849768073511,0.011757996907646815,0.881849768073511,1.1757996907646815,23.51599381529363,0.04252425
4430,Pork,4.0,1.0,0.75,"Pork, chop, NS as to fat eaten",0.63,415.0,Vitamin B-6,MG,4.0,5.333333333333333,453.592,0.00881849768073511,0.011757996907646815,0.881849768073511,1.1757996907646815,1.8663487154994944,0.53580555
4431,Pork,4.0,1.0,0.75,"Pork, chop, NS as to fat eaten",0.0,629.0,PUFA 20:5 n-3 (EPA),G,4.0,5.333333333333333,453.592,0.00881849768073511,0.011757996907646815,0.881849768073511,1.1757996907646815,inf,0.0
4432,Pork,4.0,1.0,0.75,"Pork, chop, NS as to fat eaten",0.0,263.0,Theobromine,MG,4.0,5.333333333333333,453.592,0.00881849768073511,0.011757996907646815,0.881849768073511,1.1757996907646815,inf,0.0
4433,Pork,4.0,1.0,0.75,"Pork, chop, NS as to fat eaten",429.0,306.0,"Potassium, K",MG,4.0,5.333333333333333,453.592,0.00881849768073511,0.011757996907646815,0.881849768073511,1.1757996907646815,0.0027407918199642924,364.85806499999995
4434,Pork,4.0,1.0,0.75,"Pork, chop, NS as to fat eaten",0.0,321.0,"Carotene, beta",UG,4.0,5.333333333333333,453.592,0.00881849768073511,0.011757996907646815,0.881849768073511,1.1757996907646815,inf,0.0
4435,Pork,4.0,1.0,0.75,"Pork, chop, NS as to fat eaten",183.0,208.0,Energy,KCAL,4.0,5.333333333333333,453.592,0.00881849768073511,0.011757996907646815,0.881849768073511,1.1757996907646815,0.006425134922211374,155.63875499999997
4436,Pork,4.0,1.0,0.75,"Pork, chop, NS as to fat eaten",0.204,405.0,Riboflavin,MG,4.0,5.333333333333333,453.592,0.00881849768073511,0.011757996907646815,0.881849768073511,1.1757996907646815,5.763723974336674,0.17349893999999996
4437,Pork,4.0,1.0,0.75,"Pork, chop, NS as to fat eaten",0.0,319.0,Retinol,UG,4.0,5.333333333333333,453.592,0.00881849768073511,0.011757996907646815,0.881849768073511,1.1757996907646815,inf,0.0
4438,Pork,4.0,1.0,0.75,"Pork, chop, NS as to fat eaten",2.942,617.0,MUFA 18:1,G,4.0,5.333333333333333,453.592,0.00881849768073511,0.011757996907646815,0.881849768073511,1.1757996907646815,0.3996599900627741,2.5021268699999997
4439,Pork,4.0,1.0,0.75,"Pork, chop, NS as to fat eaten",0.0,430.0,Vitamin K (phylloquinone),UG,4.0,5.333333333333333,453.592,0.00881849768073511,0.011757996907646815,0.881849768073511,1.1757996907646815,inf,0.0
4440,Pork,4.0,1.0,0.75,"Pork, chop, NS as to fat eaten",0.842,614.0,SFA 18:0,G,4.0,5.333333333333333,453.592,0.00881849768073511,0.011757996907646815,0.881849768073511,1.1757996907646815,1.3964366873689804,0.7161083699999998
4441,Pork,4.0,1.0,0.75,"Pork, chop, NS as to fat eaten",3.192,645.0,"Fatty acids, total monounsaturated",G,4.0,5.333333333333333,453.592,0.00881849768073511,0.011757996907646815,0.881849768073511,1.1757996907646815,0.3683582991117423,2.71474812
4442,Pork,4.0,1.0,0.75,"Pork, chop, NS as to fat eaten",8.44,406.0,Niacin,MG,4.0,5.333333333333333,453.592,0.00881849768073511,0.011757996907646815,0.881849768073511,1.1757996907646815,0.13931275956927508,7.178093399999999
4443,Pork,4.0,1.0,0.75,"Pork, chop, NS as to fat eaten",0.644,404.0,Thiamin,MG,4.0,5.333333333333333,453.592,0.00881849768073511,0.011757996907646815,0.881849768073511,1.1757996907646815,1.8257759173364618,0.5477123399999999
4444,Pork,4.0,1.0,0.75,"Pork, chop, NS as to fat eaten",0.065,620.0,PUFA 20:4,G,4.0,5.333333333333333,453.592,0.00881849768073511,0.011757996907646815,0.881849768073511,1.1757996907646815,18.08922601176433,0.05528152499999999
4445,Pork,4.0,1.0,0.75,"Pork, chop, NS as to fat eaten",0.0,322.0,"Carotene, alpha",UG,4.0,5.333333333333333,453.592,0.00881849768073511,0.011757996907646815,0.881849768073511,1.1757996907646815,inf,0.0
4446,Pork,4.0,1.0,0.75,"Pork, chop, NS as to fat eaten",0.0,338.0,Lutein + zeaxanthin,UG,4.0,5.333333333333333,453.592,0.00881849768073511,0.011757996907646815,0.881849768073511,1.1757996907646815,inf,0.0
4447,Pork,4.0,1.0,0.75,"Pork, chop, NS as to fat eaten",0.0,417.0,"Folate, total",UG,4.0,5.333333333333333,453.592,0.00881849768073511,0.011757996907646815,0.881849768073511,1.1757996907646815,inf,0.0
4448,Pork,4.0,1.0,0.75,"Pork, chop, NS as to fat eaten",0.0,431.0,Folic acid,UG,4.0,5.333333333333333,453.592,0.00881849768073511,0.011757996907646815,0.881849768073511,1.1757996907646815,inf,0.0
4449,Pork,4.0,1.0,0.75,"Pork, chop, NS as to fat eaten",2.602,606.0,"Fatty acids, total saturated",G,4.0,5.333333333333333,453.592,0.00881849768073511,0.011757996907646815,0.881849768073511,1.1757996907646815,0.4518830479495317,2.2129619699999994
4450,Pork,4.0,1.0,0.75,"Pork, chop, NS as to fat eaten",0.0,291.0,"Fiber, total dietary",G,4.0,5.333333333333333,453.592,0.00881849768073511,0.011757996907646815,0.881849768073511,1.1757996907646815,inf,0.0
4451,Pork,4.0,1.0,0.75,"Pork, chop, NS as to fat eaten",0.0,262.0,Caffeine,MG,4.0,5.333333333333333,453.592,0.00881849768073511,0.011757996907646815,0.881849768073511,1.1757996907646815,inf,0.0
4452,Pork,4.0,1.0,0.75,"Pork, chop, NS as to fat eaten",0.0,435.0,"Folate, DFE",UG,4.0,5.333333333333333,453.592,0.00881849768073511,0.011757996907646815,0.881849768073511,1.1757996907646815,inf,0.0
4453,Pork,4.0,1.0,0.75,"Pork, chop, NS as to fat eaten",0.0,627.0,PUFA 18:4,G,4.0,5.333333333333333,453.592,0.00881849768073511,0.011757996907646815,0.881849768073511,1.1757996907646815,inf,0.0
4454,Pork,4.0,1.0,0.75,"Pork, chop, NS as to fat eaten",0.0,608.0,SFA 6:0,G,4.0,5.333333333333333,453.592,0.00881849768073511,0.011757996907646815,0.881849768073511,1.1757996907646815,inf,0.0
4455,Pork,4.0,1.0,0.75,"Pork, chop, NS as to fat eaten",7.0,301.0,"Calcium, Ca",MG,4.0,5.333333333333333,453.592,0.00881849768073511,0.011757996907646815,0.881849768073511,1.1757996907646815,0.1679713843949545,5.9533949999999995
4456,Pork,4.0,1.0,0.75,"Pork, chop, NS as to fat eaten",0.0,573.0,"Vitamin E, added",MG,4.0,5.333333333333333,453.592,0.00881849768073511,0.011757996907646815,0.881849768073511,1.1757996907646815,inf,0.0
4457,Pork,4.0,1.0,0.75,"Pork, chop, NS as to fat eaten",0.61,418.0,Vitamin B-12,UG,4.0,5.333333333333333,453.592,0.00881849768073511,0.011757996907646815,0.881849768073511,1.1757996907646815,1.9275404766634123,0.51879585
4458,Pork,4.0,1.0,0.75,"Pork, chop, NS as to fat eaten",0.0,337.0,Lycopene,UG,4.0,5.333333333333333,453.592,0.00881849768073511,0.011757996907646815,0.881849768073511,1.1757996907646815,inf,0.0
4459,Pork,4.0,1.0,0.75,"Pork, chop, NS as to fat eaten",0.2,323.0,Vitamin E (alpha-tocopherol),MG,4.0,5.333333333333333,453.592,0.00881849768073511,0.011757996907646815,0.881849768073511,1.1757996907646815,5.8789984538234075,0.170097
4460,Pork,4.0,1.0,0.75,"Pork, chop, NS as to fat eaten",0.0,320.0,"Vitamin A, RAE",UG,4.0,5.333333333333333,453.592,0.00881849768073511,0.011757996907646815,0.881849768073511,1.1757996907646815,inf,0.0
4461,Pork,4.0,1.0,0.75,"Pork, chop, NS as to fat eaten",27.0,304.0,"Magnesium, Mg",MG,4.0,5.333333333333333,453.592,0.00881849768073511,0.011757996907646815,0.881849768073511,1.1757996907646815,0.0435481366949882,22.963094999999996
4462,Pork,4.0,1.0,0.75,"Pork, chop, NS as to fat eaten",0.0,269.0,"Sugars, Total",G,4.0,5.333333333333333,453.592,0.00881849768073511,0.011757996907646815,0.881849768073511,1.1757996907646815,inf,0.0
4463,Pork,4.0,1.0,0.75,"Pork, chop, NS as to fat eaten",47.1,317.0,"Selenium, Se",UG,4.0,5.333333333333333,453.592,0.00881849768073511,0.011757996907646815,0.881849768073511,1.1757996907646815,0.024963900016235274,40.0578435
4464,Pork,4.0,1.0,0.75,"Pork, chop, NS as to fat eaten",0.6,328.0,Vitamin D (D2 + D3),UG,4.0,5.333333333333333,453.592,0.00881849768073511,0.011757996907646815,0.881849768073511,1.1757996907646815,1.9596661512744693,0.5102909999999999
4465,Pork,4.0,1.0,0.75,"Pork, chop, NS as to fat eaten",0.752,618.0,PUFA 18:2,G,4.0,5.333333333333333,453.592,0.00881849768073511,0.011757996907646815,0.881849768073511,1.1757996907646815,1.563563418570055,0.6395647199999999
4466,Pork,4.0,1.0,0.75,"Pork, chop, NS as to fat eaten",7.55,204.0,Total lipid (fat),G,4.0,5.333333333333333,453.592,0.00881849768073511,0.011757996907646815,0.881849768073511,1.1757996907646815,0.15573505837942803,6.421161749999999
4467,Pork,4.0,1.0,0.75,"Pork, chop, NS as to fat eaten",76.9,421.0,"Choline, total",MG,4.0,5.333333333333333,453.592,0.00881849768073511,0.011757996907646815,0.881849768073511,1.1757996907646815,0.015289982974833308,65.40229649999999
4468,Pork,4.0,1.0,0.75,"Pork, chop, NS as to fat eaten",0.005,610.0,SFA 10:0,G,4.0,5.333333333333333,453.592,0.00881849768073511,0.011757996907646815,0.881849768073511,1.1757996907646815,235.1599381529363,0.004252425
4469,Pork,4.0,1.0,0.75,"Pork, chop, NS as to fat eaten",256.0,305.0,"Phosphorus, P",MG,4.0,5.333333333333333,453.592,0.00881849768073511,0.011757996907646815,0.881849768073511,1.1757996907646815,0.004592967542049537,217.72415999999998
4470,Pork,4.0,1.0,0.75,"Pork, chop, NS as to fat eaten",0.0,630.0,MUFA 22:1,G,4.0,5.333333333333333,453.592,0.00881849768073511,0.011757996907646815,0.881849768073511,1.1757996907646815,inf,0.0
4471,Pork,4.0,1.0,0.75,"Pork, chop, NS as to fat eaten",0.076,312.0,"Copper, Cu",MG,4.0,5.333333333333333,453.592,0.00881849768073511,0.011757996907646815,0.881849768073511,1.1757996907646815,15.471048562693177,0.06463685999999999
4472,Pork,4.0,1.0,0.75,"Pork, chop, NS as to fat eaten",1.625,613.0,SFA 16:0,G,4.0,5.333333333333333,453.592,0.00881849768073511,0.011757996907646815,0.881849768073511,1.1757996907646815,0.7235690404705732,1.3820381249999998
4473,Pork,4.0,1.0,0.75,"Pork, chop, NS as to fat eaten",0.0,609.0,SFA 8:0,G,4.0,5.333333333333333,453.592,0.00881849768073511,0.011757996907646815,0.881849768073511,1.1757996907646815,inf,0.0
4474,Pork,4.0,1.0,0.75,"Pork, chop, NS as to fat eaten",63.0,255.0,Water,G,4.0,5.333333333333333,453.592,0.00881849768073511,0.011757996907646815,0.881849768073511,1.1757996907646815,0.018663487154994943,53.58055499999999
4475,Pork,4.0,1.0,0.75,"Pork, chop, NS as to fat eaten",0.188,626.0,MUFA 16:1,G,4.0,5.333333333333333,453.592,0.00881849768073511,0.011757996907646815,0.881849768073511,1.1757996907646815,6.25425367428022,0.15989117999999997
4476,Pork,4.0,1.0,0.75,"Pork, chop, NS as to fat eaten",0.61,303.0,"Iron, Fe",MG,4.0,5.333333333333333,453.592,0.00881849768073511,0.011757996907646815,0.881849768073511,1.1757996907646815,1.9275404766634123,0.51879585
4477,Pork,4.0,1.0,0.75,"Pork, chop, NS as to fat eaten",0.0,607.0,SFA 4:0,G,4.0,5.333333333333333,453.592,0.00881849768073511,0.011757996907646815,0.881849768073511,1.1757996907646815,inf,0.0
4478,Pork,4.0,1.0,0.75,"Pork, chop, NS as to fat eaten",0.0,621.0,PUFA 22:6 n-3 (DHA),G,4.0,5.333333333333333,453.592,0.00881849768073511,0.011757996907646815,0.881849768073511,1.1757996907646815,inf,0.0
4479,Pork,4.0,1.0,0.75,"Pork, chop, NS as to fat eaten",354.0,307.0,"Sodium, Na",MG,4.0,5.333333333333333,453.592,0.00881849768073511,0.011757996907646815,0.881849768073511,1.1757996907646815,0.003321468053007575,301.07168999999993
4480,Pork,4.0,1.0,0.75,"Pork, chop, NS as to fat eaten",0.002,631.0,PUFA 22:5 n-3 (DPA),G,4.0,5.333333333333333,453.592,0.00881849768073511,0.011757996907646815,0.881849768073511,1.1757996907646815,587.8998453823407,0.0017009699999999998
4481,Pork,4.0,1.0,0.75,"Pork, chop, NS as to fat eaten",0.0,334.0,"Cryptoxanthin, beta",UG,4.0,5.333333333333333,453.592,0.00881849768073511,0.011757996907646815,0.881849768073511,1.1757996907646815,inf,0.0
4482,Pork,4.0,1.0,0.75,"Pork, chop, NS as to fat eaten",0.887,646.0,"Fatty acids, total polyunsaturated",G,4.0,5.333333333333333,453.592,0.00881849768073511,0.011757996907646815,0.881849768073511,1.1757996907646815,1.3255915341202722,0.7543801949999999
4483,Pork,4.0,1.0,0.75,"Pork, chop, NS as to fat eaten",0.095,612.0,SFA 14:0,G,4.0,5.333333333333333,453.592,0.00881849768073511,0.011757996907646815,0.881849768073511,1.1757996907646815,12.376838850154542,0.080796075
4484,Pork,4.0,1.0,0.75,"Pork, chop, NS as to fat eaten",0.0,401.0,"Vitamin C, total ascorbic acid",MG,4.0,5.333333333333333,453.592,0.00881849768073511,0.011757996907646815,0.881849768073511,1.1757996907646815,inf,0.0
4485,Pork,4.0,1.0,0.75,"Pork, chop, NS as to fat eaten",0.03,619.0,PUFA 18:3,G,4.0,5.333333333333333,453.592,0.00881849768073511,0.011757996907646815,0.881849768073511,1.1757996907646815,39.193323025489384,0.025514549999999997
4486,Pork,4.0,1.0,0.75,"Pork, chop, NS as to fat eaten",0.004,611.0,SFA 12:0,G,4.0,5.333333333333333,453.592,0.00881849768073511,0.011757996907646815,0.881849768073511,1.1757996907646815,293.94992269117034,0.0034019399999999996
4487,Pork,4.0,1.0,0.75,"Pork, chop, NS as to fat eaten",27.5,203.0,Protein,G,4.0,5.333333333333333,453.592,0.00881849768073511,0.011757996907646815,0.881849768073511,1.1757996907646815,0.042756352391442966,23.388337499999995
4488,Pork,4.0,1.0,0.75,"Pork, chop, NS as to fat eaten",0.0,221.0,"Alcohol, ethyl",G,4.0,5.333333333333333,453.592,0.00881849768073511,0.011757996907646815,0.881849768073511,1.1757996907646815,inf,0.0
4489,Pork,4.0,1.0,0.75,"Pork, chop, NS as to fat eaten",0.0,432.0,"Folate, food",UG,4.0,5.333333333333333,453.592,0.00881849768073511,0.011757996907646815,0.881849768073511,1.1757996907646815,inf,0.0
4490,Pork,4.0,1.0,0.75,"Pork, chop, NS as to fat eaten",71.0,601.0,Cholesterol,MG,4.0,5.333333333333333,453.592,0.00881849768073511,0.011757996907646815,0.881849768073511,1.1757996907646815,0.01656055902485467,60.38443499999999
4491,Pork,4.0,1.0,0.75,"Pork, chop, NS as to fat eaten",0.0,578.0,"Vitamin B-12, added",UG,4.0,5.333333333333333,453.592,0.00881849768073511,0.011757996907646815,0.881849768073511,1.1757996907646815,inf,0.0
4492,Pork,4.0,1.0,0.75,"Pork, chop, NS as to fat eaten",1.99,309.0,"Zinc, Zn",MG,4.0,5.333333333333333,453.592,0.00881849768073511,0.011757996907646815,0.881849768073511,1.1757996907646815,0.5908541159621515,1.6924651499999999
4493,Beef,6.0,1.0,0.75,"Beef, ground",10.0,435.0,"Folate, DFE",UG,6.0,8.0,453.592,0.013227746521102665,0.01763699536147022,1.3227746521102666,1.763699536147022,0.1763699536147022,5.6699
4494,Beef,6.0,1.0,0.75,"Beef, ground",0.0,608.0,SFA 6:0,G,6.0,8.0,453.592,0.013227746521102665,0.01763699536147022,1.3227746521102666,1.763699536147022,inf,0.0
4495,Beef,6.0,1.0,0.75,"Beef, ground",261.0,208.0,Energy,KCAL,6.0,8.0,453.592,0.013227746521102665,0.01763699536147022,1.3227746521102666,1.763699536147022,0.006757469487153341,147.98439
4496,Beef,6.0,1.0,0.75,"Beef, ground",6.441,617.0,MUFA 18:1,G,6.0,8.0,453.592,0.013227746521102665,0.01763699536147022,1.3227746521102666,1.763699536147022,0.2738238683662509,3.65198259
4497,Beef,6.0,1.0,0.75,"Beef, ground",0.364,415.0,Vitamin B-6,MG,6.0,8.0,453.592,0.013227746521102665,0.01763699536147022,1.3227746521102666,1.763699536147022,4.845328396008302,0.20638436
4498,Beef,6.0,1.0,0.75,"Beef, ground",0.381,618.0,PUFA 18:2,G,6.0,8.0,453.592,0.013227746521102665,0.01763699536147022,1.3227746521102666,1.763699536147022,4.629132640805832,0.21602319
4499,Beef,6.0,1.0,0.75,"Beef, ground",7.5,645.0,"Fatty acids, total monounsaturated",G,6.0,8.0,453.592,0.013227746521102665,0.01763699536147022,1.3227746521102666,1.763699536147022,0.23515993815293626,4.252425
4500,Beef,6.0,1.0,0.75,"Beef, ground",0.0,221.0,"Alcohol, ethyl",G,6.0,8.0,453.592,0.013227746521102665,0.01763699536147022,1.3227746521102666,1.763699536147022,inf,0.0
4501,Beef,6.0,1.0,0.75,"Beef, ground",10.0,432.0,"Folate, food",UG,6.0,8.0,453.592,0.013227746521102665,0.01763699536147022,1.3227746521102666,1.763699536147022,0.1763699536147022,5.6699
4502,Beef,6.0,1.0,0.75,"Beef, ground",3.0,319.0,Retinol,UG,6.0,8.0,453.592,0.013227746521102665,0.01763699536147022,1.3227746521102666,1.763699536147022,0.5878998453823406,1.7009699999999999
4503,Beef,6.0,1.0,0.75,"Beef, ground",24.0,301.0,"Calcium, Ca",MG,6.0,8.0,453.592,0.013227746521102665,0.01763699536147022,1.3227746521102666,1.763699536147022,0.07348748067279258,13.607759999999999
4504,Beef,6.0,1.0,0.75,"Beef, ground",0.0,401.0,"Vitamin C, total ascorbic acid",MG,6.0,8.0,453.592,0.013227746521102665,0.01763699536147022,1.3227746521102666,1.763699536147022,inf,0.0
4505,Beef,6.0,1.0,0.75,"Beef, ground",6.2,309.0,"Zinc, Zn",MG,6.0,8.0,453.592,0.013227746521102665,0.01763699536147022,1.3227746521102666,1.763699536147022,0.28446766712048743,3.515338
4506,Beef,6.0,1.0,0.75,"Beef, ground",1.7,430.0,Vitamin K (phylloquinone),UG,6.0,8.0,453.592,0.013227746521102665,0.01763699536147022,1.3227746521102666,1.763699536147022,1.0374703153806013,0.9638829999999999
4507,Beef,6.0,1.0,0.75,"Beef, ground",5.072,406.0,Niacin,MG,6.0,8.0,453.592,0.013227746521102665,0.01763699536147022,1.3227746521102666,1.763699536147022,0.34773255838860845,2.87577328
4508,Beef,6.0,1.0,0.75,"Beef, ground",0.0,629.0,PUFA 20:5 n-3 (EPA),G,6.0,8.0,453.592,0.013227746521102665,0.01763699536147022,1.3227746521102666,1.763699536147022,inf,0.0
4509,Beef,6.0,1.0,0.75,"Beef, ground",0.0,609.0,SFA 8:0,G,6.0,8.0,453.592,0.013227746521102665,0.01763699536147022,1.3227746521102666,1.763699536147022,inf,0.0
4510,Beef,6.0,1.0,0.75,"Beef, ground",0.0,610.0,SFA 10:0,G,6.0,8.0,453.592,0.013227746521102665,0.01763699536147022,1.3227746521102666,1.763699536147022,inf,0.0
4511,Beef,6.0,1.0,0.75,"Beef, ground",20.0,304.0,"Magnesium, Mg",MG,6.0,8.0,453.592,0.013227746521102665,0.01763699536147022,1.3227746521102666,1.763699536147022,0.0881849768073511,11.3398
4512,Beef,6.0,1.0,0.75,"Beef, ground",192.0,305.0,"Phosphorus, P",MG,6.0,8.0,453.592,0.013227746521102665,0.01763699536147022,1.3227746521102666,1.763699536147022,0.009185935084099072,108.86207999999999
4513,Beef,6.0,1.0,0.75,"Beef, ground",0.0,322.0,"Carotene, alpha",UG,6.0,8.0,453.592,0.013227746521102665,0.01763699536147022,1.3227746521102666,1.763699536147022,inf,0.0
4514,Beef,6.0,1.0,0.75,"Beef, ground",0.08,312.0,"Copper, Cu",MG,6.0,8.0,453.592,0.013227746521102665,0.01763699536147022,1.3227746521102666,1.763699536147022,22.046244201837776,0.0453592
4515,Beef,6.0,1.0,0.75,"Beef, ground",0.054,628.0,MUFA 20:1,G,6.0,8.0,453.592,0.013227746521102665,0.01763699536147022,1.3227746521102666,1.763699536147022,32.66110252124115,0.03061746
4516,Beef,6.0,1.0,0.75,"Beef, ground",302.0,306.0,"Potassium, K",MG,6.0,8.0,453.592,0.013227746521102665,0.01763699536147022,1.3227746521102666,1.763699536147022,0.00584006468922855,171.23098
4517,Beef,6.0,1.0,0.75,"Beef, ground",21.3,317.0,"Selenium, Se",UG,6.0,8.0,453.592,0.013227746521102665,0.01763699536147022,1.3227746521102666,1.763699536147022,0.08280279512427333,12.076887000000001
4518,Beef,6.0,1.0,0.75,"Beef, ground",0.047,404.0,Thiamin,MG,6.0,8.0,453.592,0.013227746521102665,0.01763699536147022,1.3227746521102666,1.763699536147022,37.52552204568132,0.02664853
4519,Beef,6.0,1.0,0.75,"Beef, ground",2.7,418.0,Vitamin B-12,UG,6.0,8.0,453.592,0.013227746521102665,0.01763699536147022,1.3227746521102666,1.763699536147022,0.653222050424823,1.5308730000000002
4520,Beef,6.0,1.0,0.75,"Beef, ground",1.998,614.0,SFA 18:0,G,6.0,8.0,453.592,0.013227746521102665,0.01763699536147022,1.3227746521102666,1.763699536147022,0.8827325005740851,1.13284602
4521,Beef,6.0,1.0,0.75,"Beef, ground",0.0,262.0,Caffeine,MG,6.0,8.0,453.592,0.013227746521102665,0.01763699536147022,1.3227746521102666,1.763699536147022,inf,0.0
4522,Beef,6.0,1.0,0.75,"Beef, ground",0.0,337.0,Lycopene,UG,6.0,8.0,453.592,0.013227746521102665,0.01763699536147022,1.3227746521102666,1.763699536147022,inf,0.0
4523,Beef,6.0,1.0,0.75,"Beef, ground",0.0,627.0,PUFA 18:4,G,6.0,8.0,453.592,0.013227746521102665,0.01763699536147022,1.3227746521102666,1.763699536147022,inf,0.0
4524,Beef,6.0,1.0,0.75,"Beef, ground",0.0,573.0,"Vitamin E, added",MG,6.0,8.0,453.592,0.013227746521102665,0.01763699536147022,1.3227746521102666,1.763699536147022,inf,0.0
4525,Beef,6.0,1.0,0.75,"Beef, ground",56.34,255.0,Water,G,6.0,8.0,453.592,0.013227746521102665,0.01763699536147022,1.3227746521102666,1.763699536147022,0.03130457110662091,31.9442166
4526,Beef,6.0,1.0,0.75,"Beef, ground",0.0,263.0,Theobromine,MG,6.0,8.0,453.592,0.013227746521102665,0.01763699536147022,1.3227746521102666,1.763699536147022,inf,0.0
4527,Beef,6.0,1.0,0.75,"Beef, ground",0.0,269.0,"Sugars, Total",G,6.0,8.0,453.592,0.013227746521102665,0.01763699536147022,1.3227746521102666,1.763699536147022,inf,0.0
4528,Beef,6.0,1.0,0.75,"Beef, ground",10.0,417.0,"Folate, total",UG,6.0,8.0,453.592,0.013227746521102665,0.01763699536147022,1.3227746521102666,1.763699536147022,0.1763699536147022,5.6699
4529,Beef,6.0,1.0,0.75,"Beef, ground",0.12,323.0,Vitamin E (alpha-tocopherol),MG,6.0,8.0,453.592,0.013227746521102665,0.01763699536147022,1.3227746521102666,1.763699536147022,14.697496134558518,0.0680388
4530,Beef,6.0,1.0,0.75,"Beef, ground",3.0,320.0,"Vitamin A, RAE",UG,6.0,8.0,453.592,0.013227746521102665,0.01763699536147022,1.3227746521102666,1.763699536147022,0.5878998453823406,1.7009699999999999
4531,Beef,6.0,1.0,0.75,"Beef, ground",0.0,338.0,Lutein + zeaxanthin,UG,6.0,8.0,453.592,0.013227746521102665,0.01763699536147022,1.3227746521102666,1.763699536147022,inf,0.0
4532,Beef,6.0,1.0,0.75,"Beef, ground",0.047,620.0,PUFA 20:4,G,6.0,8.0,453.592,0.013227746521102665,0.01763699536147022,1.3227746521102666,1.763699536147022,37.52552204568132,0.02664853
4533,Beef,6.0,1.0,0.75,"Beef, ground",0.0,328.0,Vitamin D (D2 + D3),UG,6.0,8.0,453.592,0.013227746521102665,0.01763699536147022,1.3227746521102666,1.763699536147022,inf,0.0
4534,Beef,6.0,1.0,0.75,"Beef, ground",0.175,405.0,Riboflavin,MG,6.0,8.0,453.592,0.013227746521102665,0.01763699536147022,1.3227746521102666,1.763699536147022,10.078283063697269,0.09922325
4535,Beef,6.0,1.0,0.75,"Beef, ground",0.0,607.0,SFA 4:0,G,6.0,8.0,453.592,0.013227746521102665,0.01763699536147022,1.3227746521102666,1.763699536147022,inf,0.0
4536,Beef,6.0,1.0,0.75,"Beef, ground",0.0,578.0,"Vitamin B-12, added",UG,6.0,8.0,453.592,0.013227746521102665,0.01763699536147022,1.3227746521102666,1.763699536147022,inf,0.0
4537,Beef,6.0,1.0,0.75,"Beef, ground",3.607,613.0,SFA 16:0,G,6.0,8.0,453.592,0.013227746521102665,0.01763699536147022,1.3227746521102666,1.763699536147022,0.4889657710415919,2.0451329300000003
4538,Beef,6.0,1.0,0.75,"Beef, ground",0.0,205.0,"Carbohydrate, by difference",G,6.0,8.0,453.592,0.013227746521102665,0.01763699536147022,1.3227746521102666,1.763699536147022,inf,0.0
4539,Beef,6.0,1.0,0.75,"Beef, ground",25.55,203.0,Protein,G,6.0,8.0,453.592,0.013227746521102665,0.01763699536147022,1.3227746521102666,1.763699536147022,0.06902933605272102,14.4865945
4540,Beef,6.0,1.0,0.75,"Beef, ground",6.455,606.0,"Fatty acids, total saturated",G,6.0,8.0,453.592,0.013227746521102665,0.01763699536147022,1.3227746521102666,1.763699536147022,0.2732299823620483,3.65992045
4541,Beef,6.0,1.0,0.75,"Beef, ground",0.481,612.0,SFA 14:0,G,6.0,8.0,453.592,0.013227746521102665,0.01763699536147022,1.3227746521102666,1.763699536147022,3.6667350023846614,0.27272219
4542,Beef,6.0,1.0,0.75,"Beef, ground",0.0,431.0,Folic acid,UG,6.0,8.0,453.592,0.013227746521102665,0.01763699536147022,1.3227746521102666,1.763699536147022,inf,0.0
4543,Beef,6.0,1.0,0.75,"Beef, ground",0.0,334.0,"Cryptoxanthin, beta",UG,6.0,8.0,453.592,0.013227746521102665,0.01763699536147022,1.3227746521102666,1.763699536147022,inf,0.0
4544,Beef,6.0,1.0,0.75,"Beef, ground",0.0,630.0,MUFA 22:1,G,6.0,8.0,453.592,0.013227746521102665,0.01763699536147022,1.3227746521102666,1.763699536147022,inf,0.0
4545,Beef,6.0,1.0,0.75,"Beef, ground",381.0,307.0,"Sodium, Na",MG,6.0,8.0,453.592,0.013227746521102665,0.01763699536147022,1.3227746521102666,1.763699536147022,0.004629132640805832,216.02319
4546,Beef,6.0,1.0,0.75,"Beef, ground",0.0,291.0,"Fiber, total dietary",G,6.0,8.0,453.592,0.013227746521102665,0.01763699536147022,1.3227746521102666,1.763699536147022,inf,0.0
4547,Beef,6.0,1.0,0.75,"Beef, ground",16.82,204.0,Total lipid (fat),G,6.0,8.0,453.592,0.013227746521102665,0.01763699536147022,1.3227746521102666,1.763699536147022,0.10485728514548287,9.5367718
4548,Beef,6.0,1.0,0.75,"Beef, ground",0.012,611.0,SFA 12:0,G,6.0,8.0,453.592,0.013227746521102665,0.01763699536147022,1.3227746521102666,1.763699536147022,146.97496134558517,0.00680388
4549,Beef,6.0,1.0,0.75,"Beef, ground",0.0,321.0,"Carotene, beta",UG,6.0,8.0,453.592,0.013227746521102665,0.01763699536147022,1.3227746521102666,1.763699536147022,inf,0.0
4550,Beef,6.0,1.0,0.75,"Beef, ground",0.056,619.0,PUFA 18:3,G,6.0,8.0,453.592,0.013227746521102665,0.01763699536147022,1.3227746521102666,1.763699536147022,31.494634574053965,0.03175144
4551,Beef,6.0,1.0,0.75,"Beef, ground",0.611,626.0,MUFA 16:1,G,6.0,8.0,453.592,0.013227746521102665,0.01763699536147022,1.3227746521102666,1.763699536147022,2.886578618898563,0.34643089
4552,Beef,6.0,1.0,0.75,"Beef, ground",0.495,646.0,"Fatty acids, total polyunsaturated",G,6.0,8.0,453.592,0.013227746521102665,0.01763699536147022,1.3227746521102666,1.763699536147022,3.5630293659535797,0.28066005
4553,Beef,6.0,1.0,0.75,"Beef, ground",0.002,631.0,PUFA 22:5 n-3 (DPA),G,6.0,8.0,453.592,0.013227746521102665,0.01763699536147022,1.3227746521102666,1.763699536147022,881.849768073511,0.00113398
4554,Beef,6.0,1.0,0.75,"Beef, ground",2.47,303.0,"Iron, Fe",MG,6.0,8.0,453.592,0.013227746521102665,0.01763699536147022,1.3227746521102666,1.763699536147022,0.7140483952012234,1.4004653
4555,Beef,6.0,1.0,0.75,"Beef, ground",87.0,601.0,Cholesterol,MG,6.0,8.0,453.592,0.013227746521102665,0.01763699536147022,1.3227746521102666,1.763699536147022,0.02027240846146002,49.32813
4556,Beef,6.0,1.0,0.75,"Beef, ground",80.3,421.0,"Choline, total",MG,6.0,8.0,453.592,0.013227746521102665,0.01763699536147022,1.3227746521102666,1.763699536147022,0.021963879653138507,45.529297
4557,Beef,6.0,1.0,0.75,"Beef, ground",0.0,621.0,PUFA 22:6 n-3 (DHA),G,6.0,8.0,453.592,0.013227746521102665,0.01763699536147022,1.3227746521102666,1.763699536147022,inf,0.0
4558,Salmon,8.0,1.0,0.75,"Fish, salmon, NFS",452.0,306.0,"Potassium, K",MG,8.0,10.666666666666666,453.592,0.01763699536147022,0.02351599381529363,1.763699536147022,2.351599381529363,0.005202653498958767,192.20960999999997
4559,Salmon,8.0,1.0,0.75,"Fish, salmon, NFS",0.062,312.0,"Copper, Cu",MG,8.0,10.666666666666666,453.592,0.01763699536147022,0.02351599381529363,1.763699536147022,2.351599381529363,37.92902228273166,0.026365034999999995
4560,Salmon,8.0,1.0,0.75,"Fish, salmon, NFS",0.015,630.0,MUFA 22:1,G,8.0,10.666666666666666,453.592,0.01763699536147022,0.02351599381529363,1.763699536147022,2.351599381529363,156.77329210195754,0.006378637499999999
4561,Salmon,8.0,1.0,0.75,"Fish, salmon, NFS",2.059,618.0,PUFA 18:2,G,8.0,10.666666666666666,453.592,0.01763699536147022,0.02351599381529363,1.763699536147022,2.351599381529363,1.1421075189554943,0.8755743075
4562,Salmon,8.0,1.0,0.75,"Fish, salmon, NFS",0.01,205.0,"Carbohydrate, by difference",G,8.0,10.666666666666666,453.592,0.01763699536147022,0.02351599381529363,1.763699536147022,2.351599381529363,235.1599381529363,0.004252425
4563,Salmon,8.0,1.0,0.75,"Fish, salmon, NFS",2.9,401.0,"Vitamin C, total ascorbic acid",MG,8.0,10.666666666666666,453.592,0.01763699536147022,0.02351599381529363,1.763699536147022,2.351599381529363,0.810896338458401,1.2332032499999999
4564,Salmon,8.0,1.0,0.75,"Fish, salmon, NFS",0.022,608.0,SFA 6:0,G,8.0,10.666666666666666,453.592,0.01763699536147022,0.02351599381529363,1.763699536147022,2.351599381529363,106.89088097860741,0.009355334999999998
4565,Salmon,8.0,1.0,0.75,"Fish, salmon, NFS",54.59,255.0,Water,G,8.0,10.666666666666666,453.592,0.01763699536147022,0.02351599381529363,1.763699536147022,2.351599381529363,0.04307747538980331,23.213988075
4566,Salmon,8.0,1.0,0.75,"Fish, salmon, NFS",4.6,430.0,Vitamin K (phylloquinone),UG,8.0,10.666666666666666,453.592,0.01763699536147022,0.02351599381529363,1.763699536147022,2.351599381529363,0.5112172568542094,1.9561154999999997
4567,Salmon,8.0,1.0,0.75,"Fish, salmon, NFS",25.4,203.0,Protein,G,8.0,10.666666666666666,453.592,0.01763699536147022,0.02351599381529363,1.763699536147022,2.351599381529363,0.09258265281611666,10.801159499999997
4568,Salmon,8.0,1.0,0.75,"Fish, salmon, NFS",0.86,629.0,PUFA 20:5 n-3 (EPA),G,8.0,10.666666666666666,453.592,0.01763699536147022,0.02351599381529363,1.763699536147022,2.351599381529363,2.7344178854992593,0.36570854999999997
4569,Salmon,8.0,1.0,0.75,"Fish, salmon, NFS",0.0,262.0,Caffeine,MG,8.0,10.666666666666666,453.592,0.01763699536147022,0.02351599381529363,1.763699536147022,2.351599381529363,inf,0.0
4570,Salmon,8.0,1.0,0.75,"Fish, salmon, NFS",75.0,319.0,Retinol,UG,8.0,10.666666666666666,453.592,0.01763699536147022,0.02351599381529363,1.763699536147022,2.351599381529363,0.03135465842039151,31.893187499999996
4571,Salmon,8.0,1.0,0.75,"Fish, salmon, NFS",0.0,334.0,"Cryptoxanthin, beta",UG,8.0,10.666666666666666,453.592,0.01763699536147022,0.02351599381529363,1.763699536147022,2.351599381529363,inf,0.0
4572,Salmon,8.0,1.0,0.75,"Fish, salmon, NFS",1.132,621.0,PUFA 22:6 n-3 (DHA),G,8.0,10.666666666666666,453.592,0.01763699536147022,0.02351599381529363,1.763699536147022,2.351599381529363,2.077384612658448,0.48137450999999987
4573,Salmon,8.0,1.0,0.75,"Fish, salmon, NFS",18.4,204.0,Total lipid (fat),G,8.0,10.666666666666666,453.592,0.01763699536147022,0.02351599381529363,1.763699536147022,2.351599381529363,0.12780431421355234,7.824461999999999
4574,Salmon,8.0,1.0,0.75,"Fish, salmon, NFS",0.032,607.0,SFA 4:0,G,8.0,10.666666666666666,453.592,0.01763699536147022,0.02351599381529363,1.763699536147022,2.351599381529363,73.48748067279259,0.013607759999999998
4575,Salmon,8.0,1.0,0.75,"Fish, salmon, NFS",0.0,291.0,"Fiber, total dietary",G,8.0,10.666666666666666,453.592,0.01763699536147022,0.02351599381529363,1.763699536147022,2.351599381529363,inf,0.0
4576,Salmon,8.0,1.0,0.75,"Fish, salmon, NFS",11.0,301.0,"Calcium, Ca",MG,8.0,10.666666666666666,453.592,0.01763699536147022,0.02351599381529363,1.763699536147022,2.351599381529363,0.21378176195721482,4.677667499999999
4577,Salmon,8.0,1.0,0.75,"Fish, salmon, NFS",0.168,405.0,Riboflavin,MG,8.0,10.666666666666666,453.592,0.01763699536147022,0.02351599381529363,1.763699536147022,2.351599381529363,13.997615366246208,0.07144073999999999
4578,Salmon,8.0,1.0,0.75,"Fish, salmon, NFS",69.0,601.0,Cholesterol,MG,8.0,10.666666666666666,453.592,0.01763699536147022,0.02351599381529363,1.763699536147022,2.351599381529363,0.03408115045694729,29.341732499999996
4579,Salmon,8.0,1.0,0.75,"Fish, salmon, NFS",0.695,612.0,SFA 14:0,G,8.0,10.666666666666666,453.592,0.01763699536147022,0.02351599381529363,1.763699536147022,2.351599381529363,3.38359623241635,0.29554353749999995
4580,Salmon,8.0,1.0,0.75,"Fish, salmon, NFS",0.46,309.0,"Zinc, Zn",MG,8.0,10.666666666666666,453.592,0.01763699536147022,0.02351599381529363,1.763699536147022,2.351599381529363,5.112172568542094,0.19561154999999997
4581,Salmon,8.0,1.0,0.75,"Fish, salmon, NFS",102.9,421.0,"Choline, total",MG,8.0,10.666666666666666,453.592,0.01763699536147022,0.02351599381529363,1.763699536147022,2.351599381529363,0.022853249577544827,43.75745325
4582,Salmon,8.0,1.0,0.75,"Fish, salmon, NFS",23.0,435.0,"Folate, DFE",UG,8.0,10.666666666666666,453.592,0.01763699536147022,0.02351599381529363,1.763699536147022,2.351599381529363,0.10224345137084187,9.780577499999998
4583,Salmon,8.0,1.0,0.75,"Fish, salmon, NFS",34.0,304.0,"Magnesium, Mg",MG,8.0,10.666666666666666,453.592,0.01763699536147022,0.02351599381529363,1.763699536147022,2.351599381529363,0.0691646876920401,14.458244999999998
4584,Salmon,8.0,1.0,0.75,"Fish, salmon, NFS",0.44,303.0,"Iron, Fe",MG,8.0,10.666666666666666,453.592,0.01763699536147022,0.02351599381529363,1.763699536147022,2.351599381529363,5.344544048930371,0.1871067
4585,Salmon,8.0,1.0,0.75,"Fish, salmon, NFS",0.0,338.0,Lutein + zeaxanthin,UG,8.0,10.666666666666666,453.592,0.01763699536147022,0.02351599381529363,1.763699536147022,2.351599381529363,inf,0.0
4586,Salmon,8.0,1.0,0.75,"Fish, salmon, NFS",0.733,415.0,Vitamin B-6,MG,8.0,10.666666666666666,453.592,0.01763699536147022,0.02351599381529363,1.763699536147022,2.351599381529363,3.208184695128735,0.31170275249999996
4587,Salmon,8.0,1.0,0.75,"Fish, salmon, NFS",0.0,431.0,Folic acid,UG,8.0,10.666666666666666,453.592,0.01763699536147022,0.02351599381529363,1.763699536147022,2.351599381529363,inf,0.0
4588,Salmon,8.0,1.0,0.75,"Fish, salmon, NFS",0.0,322.0,"Carotene, alpha",UG,8.0,10.666666666666666,453.592,0.01763699536147022,0.02351599381529363,1.763699536147022,2.351599381529363,inf,0.0
4589,Salmon,8.0,1.0,0.75,"Fish, salmon, NFS",274.0,208.0,Energy,KCAL,8.0,10.666666666666666,453.592,0.01763699536147022,0.02351599381529363,1.763699536147022,2.351599381529363,0.008582479494632712,116.51644499999999
4590,Salmon,8.0,1.0,0.75,"Fish, salmon, NFS",2.551,613.0,SFA 16:0,G,8.0,10.666666666666666,453.592,0.01763699536147022,0.02351599381529363,1.763699536147022,2.351599381529363,0.9218343322341681,1.0847936175
4591,Salmon,8.0,1.0,0.75,"Fish, salmon, NFS",75.0,320.0,"Vitamin A, RAE",UG,8.0,10.666666666666666,453.592,0.01763699536147022,0.02351599381529363,1.763699536147022,2.351599381529363,0.03135465842039151,31.893187499999996
4592,Salmon,8.0,1.0,0.75,"Fish, salmon, NFS",0.408,628.0,MUFA 20:1,G,8.0,10.666666666666666,453.592,0.01763699536147022,0.02351599381529363,1.763699536147022,2.351599381529363,5.763723974336674,0.17349893999999996
4593,Salmon,8.0,1.0,0.75,"Fish, salmon, NFS",0.0,337.0,Lycopene,UG,8.0,10.666666666666666,453.592,0.01763699536147022,0.02351599381529363,1.763699536147022,2.351599381529363,inf,0.0
4594,Salmon,8.0,1.0,0.75,"Fish, salmon, NFS",0.185,404.0,Thiamin,MG,8.0,10.666666666666666,453.592,0.01763699536147022,0.02351599381529363,1.763699536147022,2.351599381529363,12.711348008266826,0.07866986249999999
4595,Salmon,8.0,1.0,0.75,"Fish, salmon, NFS",0.0,221.0,"Alcohol, ethyl",G,8.0,10.666666666666666,453.592,0.01763699536147022,0.02351599381529363,1.763699536147022,2.351599381529363,inf,0.0
4596,Salmon,8.0,1.0,0.75,"Fish, salmon, NFS",0.0,263.0,Theobromine,MG,8.0,10.666666666666666,453.592,0.01763699536147022,0.02351599381529363,1.763699536147022,2.351599381529363,inf,0.0
4597,Salmon,8.0,1.0,0.75,"Fish, salmon, NFS",23.0,432.0,"Folate, food",UG,8.0,10.666666666666666,453.592,0.01763699536147022,0.02351599381529363,1.763699536147022,2.351599381529363,0.10224345137084187,9.780577499999998
4598,Salmon,8.0,1.0,0.75,"Fish, salmon, NFS",0.01,269.0,"Sugars, Total",G,8.0,10.666666666666666,453.592,0.01763699536147022,0.02351599381529363,1.763699536147022,2.351599381529363,235.1599381529363,0.004252425
4599,Salmon,8.0,1.0,0.75,"Fish, salmon, NFS",5.486,645.0,"Fatty acids, total monounsaturated",G,8.0,10.666666666666666,453.592,0.01763699536147022,0.02351599381529363,1.763699536147022,2.351599381529363,0.42865464482853866,2.3328803549999995
4600,Salmon,8.0,1.0,0.75,"Fish, salmon, NFS",23.0,417.0,"Folate, total",UG,8.0,10.666666666666666,453.592,0.01763699536147022,0.02351599381529363,1.763699536147022,2.351599381529363,0.10224345137084187,9.780577499999998
4601,Salmon,8.0,1.0,0.75,"Fish, salmon, NFS",305.0,305.0,"Phosphorus, P",MG,8.0,10.666666666666666,453.592,0.01763699536147022,0.02351599381529363,1.763699536147022,2.351599381529363,0.007710161906653649,129.6989625
4602,Salmon,8.0,1.0,0.75,"Fish, salmon, NFS",0.037,611.0,SFA 12:0,G,8.0,10.666666666666666,453.592,0.01763699536147022,0.02351599381529363,1.763699536147022,2.351599381529363,63.55674004133414,0.0157339725
4603,Salmon,8.0,1.0,0.75,"Fish, salmon, NFS",0.736,614.0,SFA 18:0,G,8.0,10.666666666666666,453.592,0.01763699536147022,0.02351599381529363,1.763699536147022,2.351599381529363,3.1951078553388084,0.31297847999999995
4604,Salmon,8.0,1.0,0.75,"Fish, salmon, NFS",0.092,620.0,PUFA 20:4,G,8.0,10.666666666666666,453.592,0.01763699536147022,0.02351599381529363,1.763699536147022,2.351599381529363,25.560862842710467,0.039122309999999993
4605,Salmon,8.0,1.0,0.75,"Fish, salmon, NFS",32.1,317.0,"Selenium, Se",UG,8.0,10.666666666666666,453.592,0.01763699536147022,0.02351599381529363,1.763699536147022,2.351599381529363,0.07325854771119511,13.650284249999999
4606,Salmon,8.0,1.0,0.75,"Fish, salmon, NFS",4.04,323.0,Vitamin E (alpha-tocopherol),MG,8.0,10.666666666666666,453.592,0.01763699536147022,0.02351599381529363,1.763699536147022,2.351599381529363,0.5820790548340007,1.7179796999999997
4607,Salmon,8.0,1.0,0.75,"Fish, salmon, NFS",0.323,619.0,PUFA 18:3,G,8.0,10.666666666666666,453.592,0.01763699536147022,0.02351599381529363,1.763699536147022,2.351599381529363,7.280493441267377,0.13735332749999998
4608,Salmon,8.0,1.0,0.75,"Fish, salmon, NFS",0.013,609.0,SFA 8:0,G,8.0,10.666666666666666,453.592,0.01763699536147022,0.02351599381529363,1.763699536147022,2.351599381529363,180.8922601176433,0.005528152499999999
4609,Salmon,8.0,1.0,0.75,"Fish, salmon, NFS",0.818,626.0,MUFA 16:1,G,8.0,10.666666666666666,453.592,0.01763699536147022,0.02351599381529363,1.763699536147022,2.351599381529363,2.874815869840297,0.34784836499999994
4610,Salmon,8.0,1.0,0.75,"Fish, salmon, NFS",3.87,418.0,Vitamin B-12,UG,8.0,10.666666666666666,453.592,0.01763699536147022,0.02351599381529363,1.763699536147022,2.351599381529363,0.6076484189998353,1.6456884749999998
4611,Salmon,8.0,1.0,0.75,"Fish, salmon, NFS",294.0,307.0,"Sodium, Na",MG,8.0,10.666666666666666,453.592,0.01763699536147022,0.02351599381529363,1.763699536147022,2.351599381529363,0.007998637352140691,125.02129499999998
4612,Salmon,8.0,1.0,0.75,"Fish, salmon, NFS",0.0,573.0,"Vitamin E, added",MG,8.0,10.666666666666666,453.592,0.01763699536147022,0.02351599381529363,1.763699536147022,2.351599381529363,inf,0.0
4613,Salmon,8.0,1.0,0.75,"Fish, salmon, NFS",0.0,578.0,"Vitamin B-12, added",UG,8.0,10.666666666666666,453.592,0.01763699536147022,0.02351599381529363,1.763699536147022,2.351599381529363,inf,0.0
4614,Salmon,8.0,1.0,0.75,"Fish, salmon, NFS",10.559,406.0,Niacin,MG,8.0,10.666666666666666,453.592,0.01763699536147022,0.02351599381529363,1.763699536147022,2.351599381529363,0.22271042537450167,4.4901355574999995
4615,Salmon,8.0,1.0,0.75,"Fish, salmon, NFS",5.22,646.0,"Fatty acids, total polyunsaturated",G,8.0,10.666666666666666,453.592,0.01763699536147022,0.02351599381529363,1.763699536147022,2.351599381529363,0.45049796581022283,2.2197658499999995
4616,Salmon,8.0,1.0,0.75,"Fish, salmon, NFS",13.7,328.0,Vitamin D (D2 + D3),UG,8.0,10.666666666666666,453.592,0.01763699536147022,0.02351599381529363,1.763699536147022,2.351599381529363,0.17164958989265425,5.825822249999999
4617,Salmon,8.0,1.0,0.75,"Fish, salmon, NFS",9.0,321.0,"Carotene, beta",UG,8.0,10.666666666666666,453.592,0.01763699536147022,0.02351599381529363,1.763699536147022,2.351599381529363,0.2612888201699292,3.8271824999999993
4618,Salmon,8.0,1.0,0.75,"Fish, salmon, NFS",0.135,627.0,PUFA 18:4,G,8.0,10.666666666666666,453.592,0.01763699536147022,0.02351599381529363,1.763699536147022,2.351599381529363,17.41925467799528,0.05740773749999999
4619,Salmon,8.0,1.0,0.75,"Fish, salmon, NFS",0.03,610.0,SFA 10:0,G,8.0,10.666666666666666,453.592,0.01763699536147022,0.02351599381529363,1.763699536147022,2.351599381529363,78.38664605097877,0.012757274999999998
4620,Salmon,8.0,1.0,0.75,"Fish, salmon, NFS",4.286,606.0,"Fatty acids, total saturated",G,8.0,10.666666666666666,453.592,0.01763699536147022,0.02351599381529363,1.763699536147022,2.351599381529363,0.5486699443605607,1.8225893549999996
4621,Salmon,8.0,1.0,0.75,"Fish, salmon, NFS",0.381,631.0,PUFA 22:5 n-3 (DPA),G,8.0,10.666666666666666,453.592,0.01763699536147022,0.02351599381529363,1.763699536147022,2.351599381529363,6.172176854407777,0.16201739249999997
4622,Salmon,8.0,1.0,0.75,"Fish, salmon, NFS",4.219,617.0,MUFA 18:1,G,8.0,10.666666666666666,453.592,0.01763699536147022,0.02351599381529363,1.763699536147022,2.351599381529363,0.5573831195850587,1.7940981075
4623,Pink Salmon,3.6,1.0,1.0,"Fish, salmon, canned",0.042,619.0,PUFA 18:3,G,3.6,3.6,453.592,0.007936647912661599,0.007936647912661599,0.7936647912661599,0.7936647912661599,18.896780744432377,0.052919066666666674
4624,Pink Salmon,3.6,1.0,1.0,"Fish, salmon, canned",4.0,417.0,"Folate, total",UG,3.6,3.6,453.592,0.007936647912661599,0.007936647912661599,0.7936647912661599,0.7936647912661599,0.19841619781653996,5.0399111111111115
4625,Pink Salmon,3.6,1.0,1.0,"Fish, salmon, canned",0.027,404.0,Thiamin,MG,3.6,3.6,453.592,0.007936647912661599,0.007936647912661599,0.7936647912661599,0.7936647912661599,29.394992269117033,0.0340194
4626,Pink Salmon,3.6,1.0,1.0,"Fish, salmon, canned",39.6,317.0,"Selenium, Se",UG,3.6,3.6,453.592,0.007936647912661599,0.007936647912661599,0.7936647912661599,0.7936647912661599,0.020042040183488884,49.895120000000006
4627,Pink Salmon,3.6,1.0,1.0,"Fish, salmon, canned",0.455,617.0,MUFA 18:1,G,3.6,3.6,453.592,0.007936647912661599,0.007936647912661599,0.7936647912661599,0.7936647912661599,1.7443182225629885,0.573289888888889
4628,Pink Salmon,3.6,1.0,1.0,"Fish, salmon, canned",0.043,630.0,MUFA 22:1,G,3.6,3.6,453.592,0.007936647912661599,0.007936647912661599,0.7936647912661599,0.7936647912661599,18.45732072712,0.05417904444444444
4629,Pink Salmon,3.6,1.0,1.0,"Fish, salmon, canned",0.007,610.0,SFA 10:0,G,3.6,3.6,453.592,0.007936647912661599,0.007936647912661599,0.7936647912661599,0.7936647912661599,113.38068446659426,0.008819844444444445
4630,Pink Salmon,3.6,1.0,1.0,"Fish, salmon, canned",0.0,401.0,"Vitamin C, total ascorbic acid",MG,3.6,3.6,453.592,0.007936647912661599,0.007936647912661599,0.7936647912661599,0.7936647912661599,inf,0.0
4631,Pink Salmon,3.6,1.0,1.0,"Fish, salmon, canned",24.0,304.0,"Magnesium, Mg",MG,3.6,3.6,453.592,0.007936647912661599,0.007936647912661599,0.7936647912661599,0.7936647912661599,0.03306936630275666,30.23946666666667
4632,Pink Salmon,3.6,1.0,1.0,"Fish, salmon, canned",1.28,323.0,Vitamin E (alpha-tocopherol),MG,3.6,3.6,453.592,0.007936647912661599,0.007936647912661599,0.7936647912661599,0.7936647912661599,0.6200506181766874,1.6127715555555557
4633,Pink Salmon,3.6,1.0,1.0,"Fish, salmon, canned",0.134,612.0,SFA 14:0,G,3.6,3.6,453.592,0.007936647912661599,0.007936647912661599,0.7936647912661599,0.7936647912661599,5.922871576613133,0.16883702222222224
4634,Pink Salmon,3.6,1.0,1.0,"Fish, salmon, canned",253.0,305.0,"Phosphorus, P",MG,3.6,3.6,453.592,0.007936647912661599,0.007936647912661599,0.7936647912661599,0.7936647912661599,0.0031370149852417385,318.7743777777778
4635,Pink Salmon,3.6,1.0,1.0,"Fish, salmon, canned",0.019,620.0,PUFA 20:4,G,3.6,3.6,453.592,0.007936647912661599,0.007936647912661599,0.7936647912661599,0.7936647912661599,41.771831119271575,0.02393957777777778
4636,Pink Salmon,3.6,1.0,1.0,"Fish, salmon, canned",20.0,319.0,Retinol,UG,3.6,3.6,453.592,0.007936647912661599,0.007936647912661599,0.7936647912661599,0.7936647912661599,0.03968323956330799,25.199555555555555
4637,Pink Salmon,3.6,1.0,1.0,"Fish, salmon, canned",0.0,573.0,"Vitamin E, added",MG,3.6,3.6,453.592,0.007936647912661599,0.007936647912661599,0.7936647912661599,0.7936647912661599,inf,0.0
4638,Pink Salmon,3.6,1.0,1.0,"Fish, salmon, canned",0.971,645.0,"Fatty acids, total monounsaturated",G,3.6,3.6,453.592,0.007936647912661599,0.007936647912661599,0.7936647912661599,0.7936647912661599,0.8173684771021213,1.2234384222222223
4639,Pink Salmon,3.6,1.0,1.0,"Fish, salmon, canned",0.002,611.0,SFA 12:0,G,3.6,3.6,453.592,0.007936647912661599,0.007936647912661599,0.7936647912661599,0.7936647912661599,396.8323956330799,0.002519955555555556
4640,Pink Salmon,3.6,1.0,1.0,"Fish, salmon, canned",0.57,303.0,"Iron, Fe",MG,3.6,3.6,453.592,0.007936647912661599,0.007936647912661599,0.7936647912661599,0.7936647912661599,1.3923943706423858,0.7181873333333333
4641,Pink Salmon,3.6,1.0,1.0,"Fish, salmon, canned",20.0,320.0,"Vitamin A, RAE",UG,3.6,3.6,453.592,0.007936647912661599,0.007936647912661599,0.7936647912661599,0.7936647912661599,0.03968323956330799,25.199555555555555
4642,Pink Salmon,3.6,1.0,1.0,"Fish, salmon, canned",0.203,405.0,Riboflavin,MG,3.6,3.6,453.592,0.007936647912661599,0.007936647912661599,0.7936647912661599,0.7936647912661599,3.9096787747101467,0.2557754888888889
4643,Pink Salmon,3.6,1.0,1.0,"Fish, salmon, canned",0.274,629.0,PUFA 20:5 n-3 (EPA),G,3.6,3.6,453.592,0.007936647912661599,0.007936647912661599,0.7936647912661599,0.7936647912661599,2.8965868294385393,0.3452339111111112
4644,Pink Salmon,3.6,1.0,1.0,"Fish, salmon, canned",4.0,435.0,"Folate, DFE",UG,3.6,3.6,453.592,0.007936647912661599,0.007936647912661599,0.7936647912661599,0.7936647912661599,0.19841619781653996,5.0399111111111115
4645,Pink Salmon,3.6,1.0,1.0,"Fish, salmon, canned",14.1,328.0,Vitamin D (D2 + D3),UG,3.6,3.6,453.592,0.007936647912661599,0.007936647912661599,0.7936647912661599,0.7936647912661599,0.056288283068521974,17.765686666666667
4646,Pink Salmon,3.6,1.0,1.0,"Fish, salmon, canned",4.96,418.0,Vitamin B-12,UG,3.6,3.6,453.592,0.007936647912661599,0.007936647912661599,0.7936647912661599,0.7936647912661599,0.16001306275527416,6.249489777777778
4647,Pink Salmon,3.6,1.0,1.0,"Fish, salmon, canned",0.0,608.0,SFA 6:0,G,3.6,3.6,453.592,0.007936647912661599,0.007936647912661599,0.7936647912661599,0.7936647912661599,inf,0.0
4648,Pink Salmon,3.6,1.0,1.0,"Fish, salmon, canned",0.0,321.0,"Carotene, beta",UG,3.6,3.6,453.592,0.007936647912661599,0.007936647912661599,0.7936647912661599,0.7936647912661599,inf,0.0
4649,Pink Salmon,3.6,1.0,1.0,"Fish, salmon, canned",0.105,415.0,Vitamin B-6,MG,3.6,3.6,453.592,0.007936647912661599,0.007936647912661599,0.7936647912661599,0.7936647912661599,7.558712297772951,0.13229766666666667
4650,Pink Salmon,3.6,1.0,1.0,"Fish, salmon, canned",0.0,337.0,Lycopene,UG,3.6,3.6,453.592,0.007936647912661599,0.007936647912661599,0.7936647912661599,0.7936647912661599,inf,0.0
4651,Pink Salmon,3.6,1.0,1.0,"Fish, salmon, canned",1.298,646.0,"Fatty acids, total polyunsaturated",G,3.6,3.6,453.592,0.007936647912661599,0.007936647912661599,0.7936647912661599,0.7936647912661599,0.6114520733945762,1.6354511555555558
4652,Pink Salmon,3.6,1.0,1.0,"Fish, salmon, canned",0.0,334.0,"Cryptoxanthin, beta",UG,3.6,3.6,453.592,0.007936647912661599,0.007936647912661599,0.7936647912661599,0.7936647912661599,inf,0.0
4653,Pink Salmon,3.6,1.0,1.0,"Fish, salmon, canned",0.071,618.0,PUFA 18:2,G,3.6,3.6,453.592,0.007936647912661599,0.007936647912661599,0.7936647912661599,0.7936647912661599,11.1783773417769,0.08945842222222222
4654,Pink Salmon,3.6,1.0,1.0,"Fish, salmon, canned",0.001,609.0,SFA 8:0,G,3.6,3.6,453.592,0.007936647912661599,0.007936647912661599,0.7936647912661599,0.7936647912661599,793.6647912661598,0.001259977777777778
4655,Pink Salmon,3.6,1.0,1.0,"Fish, salmon, canned",0.0,338.0,Lutein + zeaxanthin,UG,3.6,3.6,453.592,0.007936647912661599,0.007936647912661599,0.7936647912661599,0.7936647912661599,inf,0.0
4656,Pink Salmon,3.6,1.0,1.0,"Fish, salmon, canned",326.0,306.0,"Potassium, K",MG,3.6,3.6,453.592,0.007936647912661599,0.007936647912661599,0.7936647912661599,0.7936647912661599,0.002434554574436073,410.75275555555555
4657,Pink Salmon,3.6,1.0,1.0,"Fish, salmon, canned",60.0,301.0,"Calcium, Ca",MG,3.6,3.6,453.592,0.007936647912661599,0.007936647912661599,0.7936647912661599,0.7936647912661599,0.013227746521102665,75.59866666666667
4658,Pink Salmon,3.6,1.0,1.0,"Fish, salmon, canned",0.0,322.0,"Carotene, alpha",UG,3.6,3.6,453.592,0.007936647912661599,0.007936647912661599,0.7936647912661599,0.7936647912661599,inf,0.0
4659,Pink Salmon,3.6,1.0,1.0,"Fish, salmon, canned",0.0,431.0,Folic acid,UG,3.6,3.6,453.592,0.007936647912661599,0.007936647912661599,0.7936647912661599,0.7936647912661599,inf,0.0
4660,Pink Salmon,3.6,1.0,1.0,"Fish, salmon, canned",0.467,613.0,SFA 16:0,G,3.6,3.6,453.592,0.007936647912661599,0.007936647912661599,0.7936647912661599,0.7936647912661599,1.6994963410410275,0.5884096222222223
4661,Pink Salmon,3.6,1.0,1.0,"Fish, salmon, canned",7.43,406.0,Niacin,MG,3.6,3.6,453.592,0.007936647912661599,0.007936647912661599,0.7936647912661599,0.7936647912661599,0.10681894902640106,9.361634888888888
4662,Pink Salmon,3.6,1.0,1.0,"Fish, salmon, canned",0.003,607.0,SFA 4:0,G,3.6,3.6,453.592,0.007936647912661599,0.007936647912661599,0.7936647912661599,0.7936647912661599,264.5549304220533,0.0037799333333333337
4663,Pink Salmon,3.6,1.0,1.0,"Fish, salmon, canned",0.0,578.0,"Vitamin B-12, added",UG,3.6,3.6,453.592,0.007936647912661599,0.007936647912661599,0.7936647912661599,0.7936647912661599,inf,0.0
4664,Pink Salmon,3.6,1.0,1.0,"Fish, salmon, canned",0.0,205.0,"Carbohydrate, by difference",G,3.6,3.6,453.592,0.007936647912661599,0.007936647912661599,0.7936647912661599,0.7936647912661599,inf,0.0
4665,Pink Salmon,3.6,1.0,1.0,"Fish, salmon, canned",4.21,204.0,Total lipid (fat),G,3.6,3.6,453.592,0.007936647912661599,0.007936647912661599,0.7936647912661599,0.7936647912661599,0.18851895279481232,5.304506444444445
4666,Pink Salmon,3.6,1.0,1.0,"Fish, salmon, canned",24.62,203.0,Protein,G,3.6,3.6,453.592,0.007936647912661599,0.007936647912661599,0.7936647912661599,0.7936647912661599,0.03223658778497806,31.020652888888893
4667,Pink Salmon,3.6,1.0,1.0,"Fish, salmon, canned",0.0,263.0,Theobromine,MG,3.6,3.6,453.592,0.007936647912661599,0.007936647912661599,0.7936647912661599,0.7936647912661599,inf,0.0
4668,Pink Salmon,3.6,1.0,1.0,"Fish, salmon, canned",136.0,208.0,Energy,KCAL,3.6,3.6,453.592,0.007936647912661599,0.007936647912661599,0.7936647912661599,0.7936647912661599,0.005835770524015882,171.3569777777778
4669,Pink Salmon,3.6,1.0,1.0,"Fish, salmon, canned",70.63,255.0,Water,G,3.6,3.6,453.592,0.007936647912661599,0.007936647912661599,0.7936647912661599,0.7936647912661599,0.011236936022457312,88.99223044444444
4670,Pink Salmon,3.6,1.0,1.0,"Fish, salmon, canned",0.0,269.0,"Sugars, Total",G,3.6,3.6,453.592,0.007936647912661599,0.007936647912661599,0.7936647912661599,0.7936647912661599,inf,0.0
4671,Pink Salmon,3.6,1.0,1.0,"Fish, salmon, canned",0.0,291.0,"Fiber, total dietary",G,3.6,3.6,453.592,0.007936647912661599,0.007936647912661599,0.7936647912661599,0.7936647912661599,inf,0.0
4672,Pink Salmon,3.6,1.0,1.0,"Fish, salmon, canned",0.0,221.0,"Alcohol, ethyl",G,3.6,3.6,453.592,0.007936647912661599,0.007936647912661599,0.7936647912661599,0.7936647912661599,inf,0.0
4673,Pink Salmon,3.6,1.0,1.0,"Fish, salmon, canned",0.0,262.0,Caffeine,MG,3.6,3.6,453.592,0.007936647912661599,0.007936647912661599,0.7936647912661599,0.7936647912661599,inf,0.0
4674,Pink Salmon,3.6,1.0,1.0,"Fish, salmon, canned",4.0,432.0,"Folate, food",UG,3.6,3.6,453.592,0.007936647912661599,0.007936647912661599,0.7936647912661599,0.7936647912661599,0.19841619781653996,5.0399111111111115
4675,Pink Salmon,3.6,1.0,1.0,"Fish, salmon, canned",0.117,626.0,MUFA 16:1,G,3.6,3.6,453.592,0.007936647912661599,0.007936647912661599,0.7936647912661599,0.7936647912661599,6.783459754411623,0.1474174
4676,Pink Salmon,3.6,1.0,1.0,"Fish, salmon, canned",0.681,621.0,PUFA 22:6 n-3 (DHA),G,3.6,3.6,453.592,0.007936647912661599,0.007936647912661599,0.7936647912661599,0.7936647912661599,1.1654402221235827,0.8580448666666668
4677,Pink Salmon,3.6,1.0,1.0,"Fish, salmon, canned",0.749,606.0,"Fatty acids, total saturated",G,3.6,3.6,453.592,0.007936647912661599,0.007936647912661599,0.7936647912661599,0.7936647912661599,1.0596325651083576,0.9437233555555556
4678,Pink Salmon,3.6,1.0,1.0,"Fish, salmon, canned",378.0,307.0,"Sodium, Na",MG,3.6,3.6,453.592,0.007936647912661599,0.007936647912661599,0.7936647912661599,0.7936647912661599,0.002099642304936931,476.27160000000003
4679,Pink Salmon,3.6,1.0,1.0,"Fish, salmon, canned",0.094,614.0,SFA 18:0,G,3.6,3.6,453.592,0.007936647912661599,0.007936647912661599,0.7936647912661599,0.7936647912661599,8.443242460278297,0.11843791111111111
4680,Pink Salmon,3.6,1.0,1.0,"Fish, salmon, canned",0.65,309.0,"Zinc, Zn",MG,3.6,3.6,453.592,0.007936647912661599,0.007936647912661599,0.7936647912661599,0.7936647912661599,1.221022755794092,0.8189855555555556
4681,Pink Salmon,3.6,1.0,1.0,"Fish, salmon, canned",0.338,628.0,MUFA 20:1,G,3.6,3.6,453.592,0.007936647912661599,0.007936647912661599,0.7936647912661599,0.7936647912661599,2.3481206842194076,0.42587248888888896
4682,Pink Salmon,3.6,1.0,1.0,"Fish, salmon, canned",83.0,601.0,Cholesterol,MG,3.6,3.6,453.592,0.007936647912661599,0.007936647912661599,0.7936647912661599,0.7936647912661599,0.009562226400797107,104.57815555555557
4683,Pink Salmon,3.6,1.0,1.0,"Fish, salmon, canned",0.108,627.0,PUFA 18:4,G,3.6,3.6,453.592,0.007936647912661599,0.007936647912661599,0.7936647912661599,0.7936647912661599,7.348748067279258,0.1360776
4684,Pink Salmon,3.6,1.0,1.0,"Fish, salmon, canned",0.077,312.0,"Copper, Cu",MG,3.6,3.6,453.592,0.007936647912661599,0.007936647912661599,0.7936647912661599,0.7936647912661599,10.307334951508569,0.09701828888888889
4685,Pink Salmon,3.6,1.0,1.0,"Fish, salmon, canned",0.074,631.0,PUFA 22:5 n-3 (DPA),G,3.6,3.6,453.592,0.007936647912661599,0.007936647912661599,0.7936647912661599,0.7936647912661599,10.725199881975133,0.09323835555555555
4686,Pink Salmon,3.6,1.0,1.0,"Fish, salmon, canned",0.1,430.0,Vitamin K (phylloquinone),UG,3.6,3.6,453.592,0.007936647912661599,0.007936647912661599,0.7936647912661599,0.7936647912661599,7.9366479126615985,0.1259977777777778
4687,Pink Salmon,3.6,1.0,1.0,"Fish, salmon, canned",88.0,421.0,"Choline, total",MG,3.6,3.6,453.592,0.007936647912661599,0.007936647912661599,0.7936647912661599,0.7936647912661599,0.009018918082569998,110.87804444444446
4688,Shrimp,7.5,1.0,0.75,"Shrimp, NFS",3.0,338.0,Lutein + zeaxanthin,UG,7.5,10.0,453.592,0.01653468315137833,0.02204624420183778,1.653468315137833,2.204624420183778,0.7348748067279259,1.3607759999999998
4689,Shrimp,7.5,1.0,0.75,"Shrimp, NFS",1.03,418.0,Vitamin B-12,UG,7.5,10.0,453.592,0.01653468315137833,0.02204624420183778,1.653468315137833,2.204624420183778,2.140412058430852,0.4671997599999999
4690,Shrimp,7.5,1.0,0.75,"Shrimp, NFS",0.782,613.0,SFA 16:0,G,7.5,10.0,453.592,0.01653468315137833,0.02204624420183778,1.653468315137833,2.204624420183778,2.819212813534243,0.35470894399999997
4691,Shrimp,7.5,1.0,0.75,"Shrimp, NFS",24.0,417.0,"Folate, total",UG,7.5,10.0,453.592,0.01653468315137833,0.02204624420183778,1.653468315137833,2.204624420183778,0.09185935084099074,10.886207999999998
4692,Shrimp,7.5,1.0,0.75,"Shrimp, NFS",6.0,430.0,Vitamin K (phylloquinone),UG,7.5,10.0,453.592,0.01653468315137833,0.02204624420183778,1.653468315137833,2.204624420183778,0.36743740336396297,2.7215519999999995
4693,Shrimp,7.5,1.0,0.75,"Shrimp, NFS",2.178,617.0,MUFA 18:1,G,7.5,10.0,453.592,0.01653468315137833,0.02204624420183778,1.653468315137833,2.204624420183778,1.0122242516913582,0.9879233759999998
4694,Shrimp,7.5,1.0,0.75,"Shrimp, NFS",0.067,404.0,Thiamin,MG,7.5,10.0,453.592,0.01653468315137833,0.02204624420183778,1.653468315137833,2.204624420183778,32.90484209229519,0.030390663999999994
4695,Shrimp,7.5,1.0,0.75,"Shrimp, NFS",0.011,607.0,SFA 4:0,G,7.5,10.0,453.592,0.01653468315137833,0.02204624420183778,1.653468315137833,2.204624420183778,200.4204018348889,0.004989511999999999
4696,Shrimp,7.5,1.0,0.75,"Shrimp, NFS",0.0,630.0,MUFA 22:1,G,7.5,10.0,453.592,0.01653468315137833,0.02204624420183778,1.653468315137833,2.204624420183778,inf,0.0
4697,Shrimp,7.5,1.0,0.75,"Shrimp, NFS",90.5,421.0,"Choline, total",MG,7.5,10.0,453.592,0.01653468315137833,0.02204624420183778,1.653468315137833,2.204624420183778,0.024360490830759977,41.05007599999999
4698,Shrimp,7.5,1.0,0.75,"Shrimp, NFS",0.045,626.0,MUFA 16:1,G,7.5,10.0,453.592,0.01653468315137833,0.02204624420183778,1.653468315137833,2.204624420183778,48.991653781861736,0.020411639999999995
4699,Shrimp,7.5,1.0,0.75,"Shrimp, NFS",0.172,415.0,Vitamin B-6,MG,7.5,10.0,453.592,0.01653468315137833,0.02204624420183778,1.653468315137833,2.204624420183778,12.817583838277779,0.07801782399999999
4700,Shrimp,7.5,1.0,0.75,"Shrimp, NFS",17.0,432.0,"Folate, food",UG,7.5,10.0,453.592,0.01653468315137833,0.02204624420183778,1.653468315137833,2.204624420183778,0.12968378942257516,7.711063999999999
4701,Shrimp,7.5,1.0,0.75,"Shrimp, NFS",7.0,431.0,Folic acid,UG,7.5,10.0,453.592,0.01653468315137833,0.02204624420183778,1.653468315137833,2.204624420183778,0.3149463457405397,3.1751439999999995
4702,Shrimp,7.5,1.0,0.75,"Shrimp, NFS",0.007,608.0,SFA 6:0,G,7.5,10.0,453.592,0.01653468315137833,0.02204624420183778,1.653468315137833,2.204624420183778,314.9463457405397,0.0031751439999999995
4703,Shrimp,7.5,1.0,0.75,"Shrimp, NFS",0.052,612.0,SFA 14:0,G,7.5,10.0,453.592,0.01653468315137833,0.02204624420183778,1.653468315137833,2.204624420183778,42.39662346507265,0.023586783999999996
4704,Shrimp,7.5,1.0,0.75,"Shrimp, NFS",0.0,627.0,PUFA 18:4,G,7.5,10.0,453.592,0.01653468315137833,0.02204624420183778,1.653468315137833,2.204624420183778,inf,0.0
4705,Shrimp,7.5,1.0,0.75,"Shrimp, NFS",0.074,629.0,PUFA 20:5 n-3 (EPA),G,7.5,10.0,453.592,0.01653468315137833,0.02204624420183778,1.653468315137833,2.204624420183778,29.792221894375377,0.03356580799999999
4706,Shrimp,7.5,1.0,0.75,"Shrimp, NFS",0.0,401.0,"Vitamin C, total ascorbic acid",MG,7.5,10.0,453.592,0.01653468315137833,0.02204624420183778,1.653468315137833,2.204624420183778,inf,0.0
4707,Shrimp,7.5,1.0,0.75,"Shrimp, NFS",1.248,606.0,"Fatty acids, total saturated",G,7.5,10.0,453.592,0.01653468315137833,0.02204624420183778,1.653468315137833,2.204624420183778,1.7665259777113604,0.5660828159999999
4708,Shrimp,7.5,1.0,0.75,"Shrimp, NFS",140.0,601.0,Cholesterol,MG,7.5,10.0,453.592,0.01653468315137833,0.02204624420183778,1.653468315137833,2.204624420183778,0.015747317287026986,63.50287999999999
4709,Shrimp,7.5,1.0,0.75,"Shrimp, NFS",0.289,614.0,SFA 18:0,G,7.5,10.0,453.592,0.01653468315137833,0.02204624420183778,1.653468315137833,2.204624420183778,7.628458201327952,0.13108808799999996
4710,Shrimp,7.5,1.0,0.75,"Shrimp, NFS",0.007,631.0,PUFA 22:5 n-3 (DPA),G,7.5,10.0,453.592,0.01653468315137833,0.02204624420183778,1.653468315137833,2.204624420183778,314.9463457405397,0.0031751439999999995
4711,Shrimp,7.5,1.0,0.75,"Shrimp, NFS",0.04,405.0,Riboflavin,MG,7.5,10.0,453.592,0.01653468315137833,0.02204624420183778,1.653468315137833,2.204624420183778,55.11561050459445,0.018143679999999995
4712,Shrimp,7.5,1.0,0.75,"Shrimp, NFS",0.0,337.0,Lycopene,UG,7.5,10.0,453.592,0.01653468315137833,0.02204624420183778,1.653468315137833,2.204624420183778,inf,0.0
4713,Shrimp,7.5,1.0,0.75,"Shrimp, NFS",2.384,646.0,"Fatty acids, total polyunsaturated",G,7.5,10.0,453.592,0.01653468315137833,0.02204624420183778,1.653468315137833,2.204624420183778,0.9247585655133297,1.0813633279999997
4714,Shrimp,7.5,1.0,0.75,"Shrimp, NFS",0.017,611.0,SFA 12:0,G,7.5,10.0,453.592,0.01653468315137833,0.02204624420183778,1.653468315137833,2.204624420183778,129.68378942257516,0.007711063999999999
4715,Shrimp,7.5,1.0,0.75,"Shrimp, NFS",1.926,618.0,PUFA 18:2,G,7.5,10.0,453.592,0.01653468315137833,0.02204624420183778,1.653468315137833,2.204624420183778,1.1446648079874238,0.8736181919999998
4716,Shrimp,7.5,1.0,0.75,"Shrimp, NFS",0.0,578.0,"Vitamin B-12, added",UG,7.5,10.0,453.592,0.01653468315137833,0.02204624420183778,1.653468315137833,2.204624420183778,inf,0.0
4717,Shrimp,7.5,1.0,0.75,"Shrimp, NFS",0.243,619.0,PUFA 18:3,G,7.5,10.0,453.592,0.01653468315137833,0.02204624420183778,1.653468315137833,2.204624420183778,9.072528478122543,0.11022285599999998
4718,Shrimp,7.5,1.0,0.75,"Shrimp, NFS",2.318,645.0,"Fatty acids, total monounsaturated",G,7.5,10.0,453.592,0.01653468315137833,0.02204624420183778,1.653468315137833,2.204624420183778,0.9510890509852363,1.0514262559999998
4719,Shrimp,7.5,1.0,0.75,"Shrimp, NFS",0.004,609.0,SFA 8:0,G,7.5,10.0,453.592,0.01653468315137833,0.02204624420183778,1.653468315137833,2.204624420183778,551.1561050459445,0.0018143679999999998
4720,Shrimp,7.5,1.0,0.75,"Shrimp, NFS",0.037,628.0,MUFA 20:1,G,7.5,10.0,453.592,0.01653468315137833,0.02204624420183778,1.653468315137833,2.204624420183778,59.584443788750754,0.016782903999999994
4721,Shrimp,7.5,1.0,0.75,"Shrimp, NFS",0.076,621.0,PUFA 22:6 n-3 (DHA),G,7.5,10.0,453.592,0.01653468315137833,0.02204624420183778,1.653468315137833,2.204624420183778,29.00821605504971,0.034472991999999994
4722,Shrimp,7.5,1.0,0.75,"Shrimp, NFS",2.181,406.0,Niacin,MG,7.5,10.0,453.592,0.01653468315137833,0.02204624420183778,1.653468315137833,2.204624420183778,1.0108319212213561,0.9892841519999999
4723,Shrimp,7.5,1.0,0.75,"Shrimp, NFS",0.01,610.0,SFA 10:0,G,7.5,10.0,453.592,0.01653468315137833,0.02204624420183778,1.653468315137833,2.204624420183778,220.4624420183778,0.004535919999999999
4724,Shrimp,7.5,1.0,0.75,"Shrimp, NFS",0.0,573.0,"Vitamin E, added",MG,7.5,10.0,453.592,0.01653468315137833,0.02204624420183778,1.653468315137833,2.204624420183778,inf,0.0
4725,Shrimp,7.5,1.0,0.75,"Shrimp, NFS",28.0,435.0,"Folate, DFE",UG,7.5,10.0,453.592,0.01653468315137833,0.02204624420183778,1.653468315137833,2.204624420183778,0.07873658643513493,12.700575999999998
4726,Shrimp,7.5,1.0,0.75,"Shrimp, NFS",0.038,620.0,PUFA 20:4,G,7.5,10.0,453.592,0.01653468315137833,0.02204624420183778,1.653468315137833,2.204624420183778,58.01643211009942,0.017236495999999997
4727,Shrimp,7.5,1.0,0.75,"Shrimp, NFS",0.0,334.0,"Cryptoxanthin, beta",UG,7.5,10.0,453.592,0.01653468315137833,0.02204624420183778,1.653468315137833,2.204624420183778,inf,0.0
4728,Shrimp,7.5,1.0,0.75,"Shrimp, NFS",63.0,319.0,Retinol,UG,7.5,10.0,453.592,0.01653468315137833,0.02204624420183778,1.653468315137833,2.204624420183778,0.03499403841561552,28.576295999999996
4729,Shrimp,7.5,1.0,0.75,"Shrimp, NFS",0.0,263.0,Theobromine,MG,7.5,10.0,453.592,0.01653468315137833,0.02204624420183778,1.653468315137833,2.204624420183778,inf,0.0
4730,Shrimp,7.5,1.0,0.75,"Shrimp, NFS",63.0,320.0,"Vitamin A, RAE",UG,7.5,10.0,453.592,0.01653468315137833,0.02204624420183778,1.653468315137833,2.204624420183778,0.03499403841561552,28.576295999999996
4731,Shrimp,7.5,1.0,0.75,"Shrimp, NFS",146.0,208.0,Energy,KCAL,7.5,10.0,453.592,0.01653468315137833,0.02204624420183778,1.653468315137833,2.204624420183778,0.015100167261532725,66.224432
4732,Shrimp,7.5,1.0,0.75,"Shrimp, NFS",1.11,309.0,"Zinc, Zn",MG,7.5,10.0,453.592,0.01653468315137833,0.02204624420183778,1.653468315137833,2.204624420183778,1.9861481262916916,0.50348712
4733,Shrimp,7.5,1.0,0.75,"Shrimp, NFS",0.0,262.0,Caffeine,MG,7.5,10.0,453.592,0.01653468315137833,0.02204624420183778,1.653468315137833,2.204624420183778,inf,0.0
4734,Shrimp,7.5,1.0,0.75,"Shrimp, NFS",273.0,305.0,"Phosphorus, P",MG,7.5,10.0,453.592,0.01653468315137833,0.02204624420183778,1.653468315137833,2.204624420183778,0.008075547326680504,123.83061599999998
4735,Shrimp,7.5,1.0,0.75,"Shrimp, NFS",3.0,321.0,"Carotene, beta",UG,7.5,10.0,453.592,0.01653468315137833,0.02204624420183778,1.653468315137833,2.204624420183778,0.7348748067279259,1.3607759999999998
4736,Shrimp,7.5,1.0,0.75,"Shrimp, NFS",348.0,307.0,"Sodium, Na",MG,7.5,10.0,453.592,0.01653468315137833,0.02204624420183778,1.653468315137833,2.204624420183778,0.006335127644206258,157.85001599999998
4737,Shrimp,7.5,1.0,0.75,"Shrimp, NFS",0.1,328.0,Vitamin D (D2 + D3),UG,7.5,10.0,453.592,0.01653468315137833,0.02204624420183778,1.653468315137833,2.204624420183778,22.046244201837776,0.045359199999999995
4738,Shrimp,7.5,1.0,0.75,"Shrimp, NFS",0.0,322.0,"Carotene, alpha",UG,7.5,10.0,453.592,0.01653468315137833,0.02204624420183778,1.653468315137833,2.204624420183778,inf,0.0
4739,Shrimp,7.5,1.0,0.75,"Shrimp, NFS",64.0,301.0,"Calcium, Ca",MG,7.5,10.0,453.592,0.01653468315137833,0.02204624420183778,1.653468315137833,2.204624420183778,0.03444725656537153,29.029887999999996
4740,Shrimp,7.5,1.0,0.75,"Shrimp, NFS",4.9,205.0,"Carbohydrate, by difference",G,7.5,10.0,453.592,0.01653468315137833,0.02204624420183778,1.653468315137833,2.204624420183778,0.4499233510579138,2.2226008
4741,Shrimp,7.5,1.0,0.75,"Shrimp, NFS",0.07,269.0,"Sugars, Total",G,7.5,10.0,453.592,0.01653468315137833,0.02204624420183778,1.653468315137833,2.204624420183778,31.49463457405397,0.03175144
4742,Shrimp,7.5,1.0,0.75,"Shrimp, NFS",131.0,306.0,"Potassium, K",MG,7.5,10.0,453.592,0.01653468315137833,0.02204624420183778,1.653468315137833,2.204624420183778,0.016829194047204413,59.42055199999999
4743,Shrimp,7.5,1.0,0.75,"Shrimp, NFS",0.2,291.0,"Fiber, total dietary",G,7.5,10.0,453.592,0.01653468315137833,0.02204624420183778,1.653468315137833,2.204624420183778,11.023122100918888,0.09071839999999999
4744,Shrimp,7.5,1.0,0.75,"Shrimp, NFS",26.0,304.0,"Magnesium, Mg",MG,7.5,10.0,453.592,0.01653468315137833,0.02204624420183778,1.653468315137833,2.204624420183778,0.08479324693014531,11.793391999999997
4745,Shrimp,7.5,1.0,0.75,"Shrimp, NFS",2.28,323.0,Vitamin E (alpha-tocopherol),MG,7.5,10.0,453.592,0.01653468315137833,0.02204624420183778,1.653468315137833,2.204624420183778,0.9669405351683237,1.0341897599999996
4746,Shrimp,7.5,1.0,0.75,"Shrimp, NFS",0.53,303.0,"Iron, Fe",MG,7.5,10.0,453.592,0.01653468315137833,0.02204624420183778,1.653468315137833,2.204624420183778,4.159668717327882,0.24040375999999997
4747,Shrimp,7.5,1.0,0.75,"Shrimp, NFS",6.67,204.0,Total lipid (fat),G,7.5,10.0,453.592,0.01653468315137833,0.02204624420183778,1.653468315137833,2.204624420183778,0.3305283988281526,3.025458639999999
4748,Shrimp,7.5,1.0,0.75,"Shrimp, NFS",33.3,317.0,"Selenium, Se",UG,7.5,10.0,453.592,0.01653468315137833,0.02204624420183778,1.653468315137833,2.204624420183778,0.0662049375430564,15.104613599999995
4749,Shrimp,7.5,1.0,0.75,"Shrimp, NFS",70.78,255.0,Water,G,7.5,10.0,453.592,0.01653468315137833,0.02204624420183778,1.653468315137833,2.204624420183778,0.031147561743201158,32.10524175999999
4750,Shrimp,7.5,1.0,0.75,"Shrimp, NFS",0.0,221.0,"Alcohol, ethyl",G,7.5,10.0,453.592,0.01653468315137833,0.02204624420183778,1.653468315137833,2.204624420183778,inf,0.0
4751,Shrimp,7.5,1.0,0.75,"Shrimp, NFS",15.46,203.0,Protein,G,7.5,10.0,453.592,0.01653468315137833,0.02204624420183778,1.653468315137833,2.204624420183778,0.1426018383042547,7.012532319999999
4752,Shrimp,7.5,1.0,0.75,"Shrimp, NFS",0.207,312.0,"Copper, Cu",MG,7.5,10.0,453.592,0.01653468315137833,0.02204624420183778,1.653468315137833,2.204624420183778,10.65035951779603,0.09389354399999998
4753,Cod,5.5,1.0,0.75,"Fish, cod, NFS",0.0,573.0,"Vitamin E, added",MG,5.5,7.333333333333333,453.592,0.012125434311010777,0.01616724574801437,1.2125434311010777,1.616724574801437,inf,0.0
4754,Cod,5.5,1.0,0.75,"Fish, cod, NFS",1.38,418.0,Vitamin B-12,UG,5.5,7.333333333333333,453.592,0.012125434311010777,0.01616724574801437,1.2125434311010777,1.616724574801437,1.1715395469575631,0.8535776727272726
4755,Cod,5.5,1.0,0.75,"Fish, cod, NFS",13.0,430.0,Vitamin K (phylloquinone),UG,5.5,7.333333333333333,453.592,0.012125434311010777,0.01616724574801437,1.2125434311010777,1.616724574801437,0.12436342883087977,8.04094909090909
4756,Cod,5.5,1.0,0.75,"Fish, cod, NFS",0.0,610.0,SFA 10:0,G,5.5,7.333333333333333,453.592,0.012125434311010777,0.01616724574801437,1.2125434311010777,1.616724574801437,inf,0.0
4757,Cod,5.5,1.0,0.75,"Fish, cod, NFS",0.0,322.0,"Carotene, alpha",UG,5.5,7.333333333333333,453.592,0.012125434311010777,0.01616724574801437,1.2125434311010777,1.616724574801437,inf,0.0
4758,Cod,5.5,1.0,0.75,"Fish, cod, NFS",1.859,406.0,Niacin,MG,5.5,7.333333333333333,453.592,0.012125434311010777,0.01616724574801437,1.2125434311010777,1.616724574801437,0.8696743274886697,1.14985572
4759,Cod,5.5,1.0,0.75,"Fish, cod, NFS",0.0,321.0,"Carotene, beta",UG,5.5,7.333333333333333,453.592,0.012125434311010777,0.01616724574801437,1.2125434311010777,1.616724574801437,inf,0.0
4760,Cod,5.5,1.0,0.75,"Fish, cod, NFS",20.0,304.0,"Magnesium, Mg",MG,5.5,7.333333333333333,453.592,0.012125434311010777,0.01616724574801437,1.2125434311010777,1.616724574801437,0.08083622874007185,12.370690909090909
4761,Cod,5.5,1.0,0.75,"Fish, cod, NFS",203.0,306.0,"Potassium, K",MG,5.5,7.333333333333333,453.592,0.012125434311010777,0.01616724574801437,1.2125434311010777,1.616724574801437,0.007964160467002152,125.56251272727272
4762,Cod,5.5,1.0,0.75,"Fish, cod, NFS",0.073,621.0,PUFA 22:6 n-3 (DHA),G,5.5,7.333333333333333,453.592,0.012125434311010777,0.01616724574801437,1.2125434311010777,1.616724574801437,22.14691198358133,0.045153021818181815
4763,Cod,5.5,1.0,0.75,"Fish, cod, NFS",0.557,619.0,PUFA 18:3,G,5.5,7.333333333333333,453.592,0.012125434311010777,0.01616724574801437,1.2125434311010777,1.616724574801437,2.9025575849217895,0.34452374181818185
4764,Cod,5.5,1.0,0.75,"Fish, cod, NFS",1.271,613.0,SFA 16:0,G,5.5,7.333333333333333,453.592,0.012125434311010777,0.01616724574801437,1.2125434311010777,1.616724574801437,1.272009893628196,0.7861574072727272
4765,Cod,5.5,1.0,0.75,"Fish, cod, NFS",0.009,612.0,SFA 14:0,G,5.5,7.333333333333333,453.592,0.012125434311010777,0.01616724574801437,1.2125434311010777,1.616724574801437,179.63606386682633,0.005566810909090909
4766,Cod,5.5,1.0,0.75,"Fish, cod, NFS",0.384,614.0,SFA 18:0,G,5.5,7.333333333333333,453.592,0.012125434311010777,0.01616724574801437,1.2125434311010777,1.616724574801437,4.210220246878742,0.23751726545454543
4767,Cod,5.5,1.0,0.75,"Fish, cod, NFS",1.02,303.0,"Iron, Fe",MG,5.5,7.333333333333333,453.592,0.012125434311010777,0.01616724574801437,1.2125434311010777,1.616724574801437,1.5850240929425852,0.6309052363636364
4768,Cod,5.5,1.0,0.75,"Fish, cod, NFS",0.085,628.0,MUFA 20:1,G,5.5,7.333333333333333,453.592,0.012125434311010777,0.01616724574801437,1.2125434311010777,1.616724574801437,19.020289115311023,0.05257543636363636
4769,Cod,5.5,1.0,0.75,"Fish, cod, NFS",0.106,405.0,Riboflavin,MG,5.5,7.333333333333333,453.592,0.012125434311010777,0.01616724574801437,1.2125434311010777,1.616724574801437,15.252118630202236,0.06556466181818181
4770,Cod,5.5,1.0,0.75,"Fish, cod, NFS",9.0,432.0,"Folate, food",UG,5.5,7.333333333333333,453.592,0.012125434311010777,0.01616724574801437,1.2125434311010777,1.616724574801437,0.17963606386682632,5.566810909090909
4771,Cod,5.5,1.0,0.75,"Fish, cod, NFS",0.167,404.0,Thiamin,MG,5.5,7.333333333333333,453.592,0.012125434311010777,0.01616724574801437,1.2125434311010777,1.616724574801437,9.680985477852916,0.1032952690909091
4772,Cod,5.5,1.0,0.75,"Fish, cod, NFS",0.0,627.0,PUFA 18:4,G,5.5,7.333333333333333,453.592,0.012125434311010777,0.01616724574801437,1.2125434311010777,1.616724574801437,inf,0.0
4773,Cod,5.5,1.0,0.75,"Fish, cod, NFS",0.0,334.0,"Cryptoxanthin, beta",UG,5.5,7.333333333333333,453.592,0.012125434311010777,0.01616724574801437,1.2125434311010777,1.616724574801437,inf,0.0
4774,Cod,5.5,1.0,0.75,"Fish, cod, NFS",4.863,645.0,"Fatty acids, total monounsaturated",G,5.5,7.333333333333333,453.592,0.012125434311010777,0.01616724574801437,1.2125434311010777,1.616724574801437,0.33245415891454594,3.0079334945454548
4775,Cod,5.5,1.0,0.75,"Fish, cod, NFS",0.4,328.0,Vitamin D (D2 + D3),UG,5.5,7.333333333333333,453.592,0.012125434311010777,0.01616724574801437,1.2125434311010777,1.616724574801437,4.0418114370035925,0.24741381818181818
4776,Cod,5.5,1.0,0.75,"Fish, cod, NFS",4.286,618.0,PUFA 18:2,G,5.5,7.333333333333333,453.592,0.012125434311010777,0.01616724574801437,1.2125434311010777,1.616724574801437,0.3772105867478855,2.651039061818181
4777,Cod,5.5,1.0,0.75,"Fish, cod, NFS",0.0,337.0,Lycopene,UG,5.5,7.333333333333333,453.592,0.012125434311010777,0.01616724574801437,1.2125434311010777,1.616724574801437,inf,0.0
4778,Cod,5.5,1.0,0.75,"Fish, cod, NFS",0.001,630.0,MUFA 22:1,G,5.5,7.333333333333333,453.592,0.012125434311010777,0.01616724574801437,1.2125434311010777,1.616724574801437,1616.7245748014368,0.0006185345454545455
4779,Cod,5.5,1.0,0.75,"Fish, cod, NFS",20.0,431.0,Folic acid,UG,5.5,7.333333333333333,453.592,0.012125434311010777,0.01616724574801437,1.2125434311010777,1.616724574801437,0.08083622874007185,12.370690909090909
4780,Cod,5.5,1.0,0.75,"Fish, cod, NFS",29.0,417.0,"Folate, total",UG,5.5,7.333333333333333,453.592,0.012125434311010777,0.01616724574801437,1.2125434311010777,1.616724574801437,0.055749123269015065,17.93750181818182
4781,Cod,5.5,1.0,0.75,"Fish, cod, NFS",4.0,319.0,Retinol,UG,5.5,7.333333333333333,453.592,0.012125434311010777,0.01616724574801437,1.2125434311010777,1.616724574801437,0.40418114370035924,2.474138181818182
4782,Cod,5.5,1.0,0.75,"Fish, cod, NFS",4.965,646.0,"Fatty acids, total polyunsaturated",G,5.5,7.333333333333333,453.592,0.012125434311010777,0.01616724574801437,1.2125434311010777,1.616724574801437,0.3256242849549722,3.071024018181818
4783,Cod,5.5,1.0,0.75,"Fish, cod, NFS",4.0,320.0,"Vitamin A, RAE",UG,5.5,7.333333333333333,453.592,0.012125434311010777,0.01616724574801437,1.2125434311010777,1.616724574801437,0.40418114370035924,2.474138181818182
4784,Cod,5.5,1.0,0.75,"Fish, cod, NFS",0.047,626.0,MUFA 16:1,G,5.5,7.333333333333333,453.592,0.012125434311010777,0.01616724574801437,1.2125434311010777,1.616724574801437,34.39839520854121,0.029071123636363633
4785,Cod,5.5,1.0,0.75,"Fish, cod, NFS",0.093,415.0,Vitamin B-6,MG,5.5,7.333333333333333,453.592,0.012125434311010777,0.01616724574801437,1.2125434311010777,1.616724574801437,17.384135212918675,0.057523712727272726
4786,Cod,5.5,1.0,0.75,"Fish, cod, NFS",0.0,578.0,"Vitamin B-12, added",UG,5.5,7.333333333333333,453.592,0.012125434311010777,0.01616724574801437,1.2125434311010777,1.616724574801437,inf,0.0
4787,Cod,5.5,1.0,0.75,"Fish, cod, NFS",0.0,607.0,SFA 4:0,G,5.5,7.333333333333333,453.592,0.012125434311010777,0.01616724574801437,1.2125434311010777,1.616724574801437,inf,0.0
4788,Cod,5.5,1.0,0.75,"Fish, cod, NFS",0.2,269.0,"Sugars, Total",G,5.5,7.333333333333333,453.592,0.012125434311010777,0.01616724574801437,1.2125434311010777,1.616724574801437,8.083622874007185,0.12370690909090909
4789,Cod,5.5,1.0,0.75,"Fish, cod, NFS",0.0,262.0,Caffeine,MG,5.5,7.333333333333333,453.592,0.012125434311010777,0.01616724574801437,1.2125434311010777,1.616724574801437,inf,0.0
4790,Cod,5.5,1.0,0.75,"Fish, cod, NFS",0.38,309.0,"Zinc, Zn",MG,5.5,7.333333333333333,453.592,0.012125434311010777,0.01616724574801437,1.2125434311010777,1.616724574801437,4.254538354740624,0.23504312727272725
4791,Cod,5.5,1.0,0.75,"Fish, cod, NFS",13.52,203.0,Protein,G,5.5,7.333333333333333,453.592,0.012125434311010777,0.01616724574801437,1.2125434311010777,1.616724574801437,0.11958022002969208,8.362587054545454
4792,Cod,5.5,1.0,0.75,"Fish, cod, NFS",12.48,204.0,Total lipid (fat),G,5.5,7.333333333333333,453.592,0.012125434311010777,0.01616724574801437,1.2125434311010777,1.616724574801437,0.12954523836549975,7.719311127272727
4793,Cod,5.5,1.0,0.75,"Fish, cod, NFS",60.96,255.0,Water,G,5.5,7.333333333333333,453.592,0.012125434311010777,0.01616724574801437,1.2125434311010777,1.616724574801437,0.026521072421283414,37.70586589090909
4794,Cod,5.5,1.0,0.75,"Fish, cod, NFS",0.042,312.0,"Copper, Cu",MG,5.5,7.333333333333333,453.592,0.012125434311010777,0.01616724574801437,1.2125434311010777,1.616724574801437,38.493442257177065,0.02597845090909091
4795,Cod,5.5,1.0,0.75,"Fish, cod, NFS",217.0,208.0,Energy,KCAL,5.5,7.333333333333333,453.592,0.012125434311010777,0.01616724574801437,1.2125434311010777,1.616724574801437,0.007450343662679433,134.22199636363635
4796,Cod,5.5,1.0,0.75,"Fish, cod, NFS",0.0,609.0,SFA 8:0,G,5.5,7.333333333333333,453.592,0.012125434311010777,0.01616724574801437,1.2125434311010777,1.616724574801437,inf,0.0
4797,Cod,5.5,1.0,0.75,"Fish, cod, NFS",0.001,611.0,SFA 12:0,G,5.5,7.333333333333333,453.592,0.012125434311010777,0.01616724574801437,1.2125434311010777,1.616724574801437,1616.7245748014368,0.0006185345454545455
4798,Cod,5.5,1.0,0.75,"Fish, cod, NFS",11.72,205.0,"Carbohydrate, by difference",G,5.5,7.333333333333333,453.592,0.012125434311010777,0.01616724574801437,1.2125434311010777,1.616724574801437,0.1379457828328871,7.249224872727273
4799,Cod,5.5,1.0,0.75,"Fish, cod, NFS",21.0,301.0,"Calcium, Ca",MG,5.5,7.333333333333333,453.592,0.012125434311010777,0.01616724574801437,1.2125434311010777,1.616724574801437,0.07698688451435413,12.989225454545453
4800,Cod,5.5,1.0,0.75,"Fish, cod, NFS",0.006,620.0,PUFA 20:4,G,5.5,7.333333333333333,453.592,0.012125434311010777,0.01616724574801437,1.2125434311010777,1.616724574801437,269.4540958002395,0.0037112072727272724
4801,Cod,5.5,1.0,0.75,"Fish, cod, NFS",0.0,221.0,"Alcohol, ethyl",G,5.5,7.333333333333333,453.592,0.012125434311010777,0.01616724574801437,1.2125434311010777,1.616724574801437,inf,0.0
4802,Cod,5.5,1.0,0.75,"Fish, cod, NFS",1.762,606.0,"Fatty acids, total saturated",G,5.5,7.333333333333333,453.592,0.012125434311010777,0.01616724574801437,1.2125434311010777,1.616724574801437,0.9175508370042207,1.089857869090909
4803,Cod,5.5,1.0,0.75,"Fish, cod, NFS",2.33,323.0,Vitamin E (alpha-tocopherol),MG,5.5,7.333333333333333,453.592,0.012125434311010777,0.01616724574801437,1.2125434311010777,1.616724574801437,0.6938732080692862,1.4411854909090909
4804,Cod,5.5,1.0,0.75,"Fish, cod, NFS",0.0,401.0,"Vitamin C, total ascorbic acid",MG,5.5,7.333333333333333,453.592,0.012125434311010777,0.01616724574801437,1.2125434311010777,1.616724574801437,inf,0.0
4805,Cod,5.5,1.0,0.75,"Fish, cod, NFS",237.0,305.0,"Phosphorus, P",MG,5.5,7.333333333333333,453.592,0.012125434311010777,0.01616724574801437,1.2125434311010777,1.616724574801437,0.006821622678487076,146.59268727272726
4806,Cod,5.5,1.0,0.75,"Fish, cod, NFS",42.0,601.0,Cholesterol,MG,5.5,7.333333333333333,453.592,0.012125434311010777,0.01616724574801437,1.2125434311010777,1.616724574801437,0.03849344225717707,25.978450909090906
4807,Cod,5.5,1.0,0.75,"Fish, cod, NFS",56.3,421.0,"Choline, total",MG,5.5,7.333333333333333,453.592,0.012125434311010777,0.01616724574801437,1.2125434311010777,1.616724574801437,0.028716244667876322,34.823494909090904
4808,Cod,5.5,1.0,0.75,"Fish, cod, NFS",10.0,338.0,Lutein + zeaxanthin,UG,5.5,7.333333333333333,453.592,0.012125434311010777,0.01616724574801437,1.2125434311010777,1.616724574801437,0.1616724574801437,6.1853454545454545
4809,Cod,5.5,1.0,0.75,"Fish, cod, NFS",20.5,317.0,"Selenium, Se",UG,5.5,7.333333333333333,453.592,0.012125434311010777,0.01616724574801437,1.2125434311010777,1.616724574801437,0.07886461340494814,12.679958181818181
4810,Cod,5.5,1.0,0.75,"Fish, cod, NFS",4.706,617.0,MUFA 18:1,G,5.5,7.333333333333333,453.592,0.012125434311010777,0.01616724574801437,1.2125434311010777,1.616724574801437,0.34354538351071756,2.910823570909091
4811,Cod,5.5,1.0,0.75,"Fish, cod, NFS",0.0,608.0,SFA 6:0,G,5.5,7.333333333333333,453.592,0.012125434311010777,0.01616724574801437,1.2125434311010777,1.616724574801437,inf,0.0
4812,Cod,5.5,1.0,0.75,"Fish, cod, NFS",0.5,291.0,"Fiber, total dietary",G,5.5,7.333333333333333,453.592,0.012125434311010777,0.01616724574801437,1.2125434311010777,1.616724574801437,3.233449149602874,0.3092672727272727
4813,Cod,5.5,1.0,0.75,"Fish, cod, NFS",43.0,435.0,"Folate, DFE",UG,5.5,7.333333333333333,453.592,0.012125434311010777,0.01616724574801437,1.2125434311010777,1.616724574801437,0.03759824592561481,26.596985454545454
4814,Cod,5.5,1.0,0.75,"Fish, cod, NFS",426.0,307.0,"Sodium, Na",MG,5.5,7.333333333333333,453.592,0.012125434311010777,0.01616724574801437,1.2125434311010777,1.616724574801437,0.003795128109862528,263.49571636363635
4815,Cod,5.5,1.0,0.75,"Fish, cod, NFS",0.026,629.0,PUFA 20:5 n-3 (EPA),G,5.5,7.333333333333333,453.592,0.012125434311010777,0.01616724574801437,1.2125434311010777,1.616724574801437,62.181714415439885,0.01608189818181818
4816,Cod,5.5,1.0,0.75,"Fish, cod, NFS",0.003,631.0,PUFA 22:5 n-3 (DPA),G,5.5,7.333333333333333,453.592,0.012125434311010777,0.01616724574801437,1.2125434311010777,1.616724574801437,538.908191600479,0.0018556036363636362
4817,Cod,5.5,1.0,0.75,"Fish, cod, NFS",0.0,263.0,Theobromine,MG,5.5,7.333333333333333,453.592,0.012125434311010777,0.01616724574801437,1.2125434311010777,1.616724574801437,inf,0.0
4818,Oysters,80.0,4.0,1.0,"Oysters, raw",0.319,613.0,SFA 16:0,G,20.0,20.0,1814.368,0.04409248840367555,0.04409248840367555,4.409248840367555,4.409248840367555,13.822096678268197,0.07234792400000001
4819,Oysters,80.0,4.0,1.0,"Oysters, raw",59.0,301.0,"Calcium, Ca",MG,20.0,20.0,1814.368,0.04409248840367555,0.04409248840367555,4.409248840367555,4.409248840367555,0.07473303119267043,13.380964
4820,Oysters,80.0,4.0,1.0,"Oysters, raw",0.0,607.0,SFA 4:0,G,20.0,20.0,1814.368,0.04409248840367555,0.04409248840367555,4.409248840367555,4.409248840367555,inf,0.0
4821,Oysters,80.0,4.0,1.0,"Oysters, raw",0.0,573.0,"Vitamin E, added",MG,20.0,20.0,1814.368,0.04409248840367555,0.04409248840367555,4.409248840367555,4.409248840367555,inf,0.0
4822,Oysters,80.0,4.0,1.0,"Oysters, raw",0.048,627.0,PUFA 18:4,G,20.0,20.0,1814.368,0.04409248840367555,0.04409248840367555,4.409248840367555,4.409248840367555,91.85935084099073,0.010886208
4823,Oysters,80.0,4.0,1.0,"Oysters, raw",0.0,431.0,Folic acid,UG,20.0,20.0,1814.368,0.04409248840367555,0.04409248840367555,4.409248840367555,4.409248840367555,inf,0.0
4824,Oysters,80.0,4.0,1.0,"Oysters, raw",0.528,646.0,"Fatty acids, total polyunsaturated",G,20.0,20.0,1814.368,0.04409248840367555,0.04409248840367555,4.409248840367555,4.409248840367555,8.350850076453701,0.11974828800000001
4825,Oysters,80.0,4.0,1.0,"Oysters, raw",0.62,269.0,"Sugars, Total",G,20.0,20.0,1814.368,0.04409248840367555,0.04409248840367555,4.409248840367555,4.409248840367555,7.1116916780121855,0.14061352
4826,Oysters,80.0,4.0,1.0,"Oysters, raw",0.0,322.0,"Carotene, alpha",UG,20.0,20.0,1814.368,0.04409248840367555,0.04409248840367555,4.409248840367555,4.409248840367555,inf,0.0
4827,Oysters,80.0,4.0,1.0,"Oysters, raw",0.05,612.0,SFA 14:0,G,20.0,20.0,1814.368,0.04409248840367555,0.04409248840367555,4.409248840367555,4.409248840367555,88.18497680735109,0.0113398
4828,Oysters,80.0,4.0,1.0,"Oysters, raw",2.72,205.0,"Carbohydrate, by difference",G,20.0,20.0,1814.368,0.04409248840367555,0.04409248840367555,4.409248840367555,4.409248840367555,1.6210473677821893,0.6168851200000001
4829,Oysters,80.0,4.0,1.0,"Oysters, raw",19.7,317.0,"Selenium, Se",UG,20.0,20.0,1814.368,0.04409248840367555,0.04409248840367555,4.409248840367555,4.409248840367555,0.2238197380897236,4.4678812
4830,Oysters,80.0,4.0,1.0,"Oysters, raw",7.0,417.0,"Folate, total",UG,20.0,20.0,1814.368,0.04409248840367555,0.04409248840367555,4.409248840367555,4.409248840367555,0.6298926914810793,1.587572
4831,Oysters,80.0,4.0,1.0,"Oysters, raw",0.001,630.0,MUFA 22:1,G,20.0,20.0,1814.368,0.04409248840367555,0.04409248840367555,4.409248840367555,4.409248840367555,4409.248840367555,0.000226796
4832,Oysters,80.0,4.0,1.0,"Oysters, raw",40.0,601.0,Cholesterol,MG,20.0,20.0,1814.368,0.04409248840367555,0.04409248840367555,4.409248840367555,4.409248840367555,0.11023122100918888,9.07184
4833,Oysters,80.0,4.0,1.0,"Oysters, raw",65.0,421.0,"Choline, total",MG,20.0,20.0,1814.368,0.04409248840367555,0.04409248840367555,4.409248840367555,4.409248840367555,0.06783459754411623,14.74174
4834,Oysters,80.0,4.0,1.0,"Oysters, raw",0.01,631.0,PUFA 22:5 n-3 (DPA),G,20.0,20.0,1814.368,0.04409248840367555,0.04409248840367555,4.409248840367555,4.409248840367555,440.9248840367555,0.0022679600000000003
4835,Oysters,80.0,4.0,1.0,"Oysters, raw",0.0,262.0,Caffeine,MG,20.0,20.0,1814.368,0.04409248840367555,0.04409248840367555,4.409248840367555,4.409248840367555,inf,0.0
4836,Oysters,80.0,4.0,1.0,"Oysters, raw",0.018,404.0,Thiamin,MG,20.0,20.0,1814.368,0.04409248840367555,0.04409248840367555,4.409248840367555,4.409248840367555,244.95826890930863,0.004082328
4837,Oysters,80.0,4.0,1.0,"Oysters, raw",0.85,323.0,Vitamin E (alpha-tocopherol),MG,20.0,20.0,1814.368,0.04409248840367555,0.04409248840367555,4.409248840367555,4.409248840367555,5.187351576903006,0.1927766
4838,Oysters,80.0,4.0,1.0,"Oysters, raw",0.0,338.0,Lutein + zeaxanthin,UG,20.0,20.0,1814.368,0.04409248840367555,0.04409248840367555,4.409248840367555,4.409248840367555,inf,0.0
4839,Oysters,80.0,4.0,1.0,"Oysters, raw",1.0,430.0,Vitamin K (phylloquinone),UG,20.0,20.0,1814.368,0.04409248840367555,0.04409248840367555,4.409248840367555,4.409248840367555,4.409248840367555,0.226796
4840,Oysters,80.0,4.0,1.0,"Oysters, raw",2.858,312.0,"Copper, Cu",MG,20.0,20.0,1814.368,0.04409248840367555,0.04409248840367555,4.409248840367555,4.409248840367555,1.5427742618500893,0.6481829680000001
4841,Oysters,80.0,4.0,1.0,"Oysters, raw",156.0,306.0,"Potassium, K",MG,20.0,20.0,1814.368,0.04409248840367555,0.04409248840367555,4.409248840367555,4.409248840367555,0.028264415643381762,35.380176
4842,Oysters,80.0,4.0,1.0,"Oysters, raw",8.75,418.0,Vitamin B-12,UG,20.0,20.0,1814.368,0.04409248840367555,0.04409248840367555,4.409248840367555,4.409248840367555,0.5039141531848634,1.984465
4843,Oysters,80.0,4.0,1.0,"Oysters, raw",18.0,304.0,"Magnesium, Mg",MG,20.0,20.0,1814.368,0.04409248840367555,0.04409248840367555,4.409248840367555,4.409248840367555,0.2449582689093086,4.082328
4844,Oysters,80.0,4.0,1.0,"Oysters, raw",0.0,291.0,"Fiber, total dietary",G,20.0,20.0,1814.368,0.04409248840367555,0.04409248840367555,4.409248840367555,4.409248840367555,inf,0.0
4845,Oysters,80.0,4.0,1.0,"Oysters, raw",0.031,415.0,Vitamin B-6,MG,20.0,20.0,1814.368,0.04409248840367555,0.04409248840367555,4.409248840367555,4.409248840367555,142.2338335602437,0.0070306760000000005
4846,Oysters,80.0,4.0,1.0,"Oysters, raw",0.0,328.0,Vitamin D (D2 + D3),UG,20.0,20.0,1814.368,0.04409248840367555,0.04409248840367555,4.409248840367555,4.409248840367555,inf,0.0
4847,Oysters,80.0,4.0,1.0,"Oysters, raw",0.0,610.0,SFA 10:0,G,20.0,20.0,1814.368,0.04409248840367555,0.04409248840367555,4.409248840367555,4.409248840367555,inf,0.0
4848,Oysters,80.0,4.0,1.0,"Oysters, raw",0.022,620.0,PUFA 20:4,G,20.0,20.0,1814.368,0.04409248840367555,0.04409248840367555,4.409248840367555,4.409248840367555,200.42040183488888,0.004989512
4849,Oysters,80.0,4.0,1.0,"Oysters, raw",0.0,608.0,SFA 6:0,G,20.0,20.0,1814.368,0.04409248840367555,0.04409248840367555,4.409248840367555,4.409248840367555,inf,0.0
4850,Oysters,80.0,4.0,1.0,"Oysters, raw",4.61,303.0,"Iron, Fe",MG,20.0,20.0,1814.368,0.04409248840367555,0.04409248840367555,4.409248840367555,4.409248840367555,0.9564531107087971,1.04552956
4851,Oysters,80.0,4.0,1.0,"Oysters, raw",0.136,621.0,PUFA 22:6 n-3 (DHA),G,20.0,20.0,1814.368,0.04409248840367555,0.04409248840367555,4.409248840367555,4.409248840367555,32.42094735564378,0.030844256000000004
4852,Oysters,80.0,4.0,1.0,"Oysters, raw",0.084,619.0,PUFA 18:3,G,20.0,20.0,1814.368,0.04409248840367555,0.04409248840367555,4.409248840367555,4.409248840367555,52.491057623423266,0.019050864
4853,Oysters,80.0,4.0,1.0,"Oysters, raw",0.0,321.0,"Carotene, beta",UG,20.0,20.0,1814.368,0.04409248840367555,0.04409248840367555,4.409248840367555,4.409248840367555,inf,0.0
4854,Oysters,80.0,4.0,1.0,"Oysters, raw",0.177,629.0,PUFA 20:5 n-3 (EPA),G,20.0,20.0,1814.368,0.04409248840367555,0.04409248840367555,4.409248840367555,4.409248840367555,24.911010397556808,0.040142892
4855,Oysters,80.0,4.0,1.0,"Oysters, raw",0.0,221.0,"Alcohol, ethyl",G,20.0,20.0,1814.368,0.04409248840367555,0.04409248840367555,4.409248840367555,4.409248840367555,inf,0.0
4856,Oysters,80.0,4.0,1.0,"Oysters, raw",0.001,611.0,SFA 12:0,G,20.0,20.0,1814.368,0.04409248840367555,0.04409248840367555,4.409248840367555,4.409248840367555,4409.248840367555,0.000226796
4857,Oysters,80.0,4.0,1.0,"Oysters, raw",0.0,609.0,SFA 8:0,G,20.0,20.0,1814.368,0.04409248840367555,0.04409248840367555,4.409248840367555,4.409248840367555,inf,0.0
4858,Oysters,80.0,4.0,1.0,"Oysters, raw",0.0,578.0,"Vitamin B-12, added",UG,20.0,20.0,1814.368,0.04409248840367555,0.04409248840367555,4.409248840367555,4.409248840367555,inf,0.0
4859,Oysters,80.0,4.0,1.0,"Oysters, raw",89.04,255.0,Water,G,20.0,20.0,1814.368,0.04409248840367555,0.04409248840367555,4.409248840367555,4.409248840367555,0.04951986568247478,20.193915840000003
4860,Oysters,80.0,4.0,1.0,"Oysters, raw",0.066,614.0,SFA 18:0,G,20.0,20.0,1814.368,0.04409248840367555,0.04409248840367555,4.409248840367555,4.409248840367555,66.80680061162961,0.014968536000000001
4861,Oysters,80.0,4.0,1.0,"Oysters, raw",0.474,606.0,"Fatty acids, total saturated",G,20.0,20.0,1814.368,0.04409248840367555,0.04409248840367555,4.409248840367555,4.409248840367555,9.302212743391467,0.10750130399999999
4862,Oysters,80.0,4.0,1.0,"Oysters, raw",0.052,626.0,MUFA 16:1,G,20.0,20.0,1814.368,0.04409248840367555,0.04409248840367555,4.409248840367555,4.409248840367555,84.79324693014529,0.011793392
4863,Oysters,80.0,4.0,1.0,"Oysters, raw",0.0,263.0,Theobromine,MG,20.0,20.0,1814.368,0.04409248840367555,0.04409248840367555,4.409248840367555,4.409248840367555,inf,0.0
4864,Oysters,80.0,4.0,1.0,"Oysters, raw",0.041,618.0,PUFA 18:2,G,20.0,20.0,1814.368,0.04409248840367555,0.04409248840367555,4.409248840367555,4.409248840367555,107.54265464311109,0.009298636
4865,Oysters,80.0,4.0,1.0,"Oysters, raw",7.0,432.0,"Folate, food",UG,20.0,20.0,1814.368,0.04409248840367555,0.04409248840367555,4.409248840367555,4.409248840367555,0.6298926914810793,1.587572
4866,Oysters,80.0,4.0,1.0,"Oysters, raw",13.0,319.0,Retinol,UG,20.0,20.0,1814.368,0.04409248840367555,0.04409248840367555,4.409248840367555,4.409248840367555,0.33917298772058113,2.948348
4867,Oysters,80.0,4.0,1.0,"Oysters, raw",39.3,309.0,"Zinc, Zn",MG,20.0,20.0,1814.368,0.04409248840367555,0.04409248840367555,4.409248840367555,4.409248840367555,0.11219462698136273,8.9130828
4868,Oysters,80.0,4.0,1.0,"Oysters, raw",97.0,305.0,"Phosphorus, P",MG,20.0,20.0,1814.368,0.04409248840367555,0.04409248840367555,4.409248840367555,4.409248840367555,0.045456173612036646,21.999212
4869,Oysters,80.0,4.0,1.0,"Oysters, raw",0.0,337.0,Lycopene,UG,20.0,20.0,1814.368,0.04409248840367555,0.04409248840367555,4.409248840367555,4.409248840367555,inf,0.0
4870,Oysters,80.0,4.0,1.0,"Oysters, raw",0.0,334.0,"Cryptoxanthin, beta",UG,20.0,20.0,1814.368,0.04409248840367555,0.04409248840367555,4.409248840367555,4.409248840367555,inf,0.0
4871,Oysters,80.0,4.0,1.0,"Oysters, raw",0.028,628.0,MUFA 20:1,G,20.0,20.0,1814.368,0.04409248840367555,0.04409248840367555,4.409248840367555,4.409248840367555,157.47317287026982,0.006350288
4872,Oysters,80.0,4.0,1.0,"Oysters, raw",5.71,203.0,Protein,G,20.0,20.0,1814.368,0.04409248840367555,0.04409248840367555,4.409248840367555,4.409248840367555,0.7721976953358239,1.29500516
4873,Oysters,80.0,4.0,1.0,"Oysters, raw",51.0,208.0,Energy,KCAL,20.0,20.0,1814.368,0.04409248840367555,0.04409248840367555,4.409248840367555,4.409248840367555,0.08645585961505009,11.566596
4874,Oysters,80.0,4.0,1.0,"Oysters, raw",0.925,406.0,Niacin,MG,20.0,20.0,1814.368,0.04409248840367555,0.04409248840367555,4.409248840367555,4.409248840367555,4.766755503100059,0.2097863
4875,Oysters,80.0,4.0,1.0,"Oysters, raw",0.0,401.0,"Vitamin C, total ascorbic acid",MG,20.0,20.0,1814.368,0.04409248840367555,0.04409248840367555,4.409248840367555,4.409248840367555,inf,0.0
4876,Oysters,80.0,4.0,1.0,"Oysters, raw",0.253,645.0,"Fatty acids, total monounsaturated",G,20.0,20.0,1814.368,0.04409248840367555,0.04409248840367555,4.409248840367555,4.409248840367555,17.42786102912077,0.057379388
4877,Oysters,80.0,4.0,1.0,"Oysters, raw",0.09,405.0,Riboflavin,MG,20.0,20.0,1814.368,0.04409248840367555,0.04409248840367555,4.409248840367555,4.409248840367555,48.99165378186172,0.020411639999999998
4878,Oysters,80.0,4.0,1.0,"Oysters, raw",7.0,435.0,"Folate, DFE",UG,20.0,20.0,1814.368,0.04409248840367555,0.04409248840367555,4.409248840367555,4.409248840367555,0.6298926914810793,1.587572
4879,Oysters,80.0,4.0,1.0,"Oysters, raw",1.71,204.0,Total lipid (fat),G,20.0,20.0,1814.368,0.04409248840367555,0.04409248840367555,4.409248840367555,4.409248840367555,2.578508093782196,0.38782116
4880,Oysters,80.0,4.0,1.0,"Oysters, raw",0.168,617.0,MUFA 18:1,G,20.0,20.0,1814.368,0.04409248840367555,0.04409248840367555,4.409248840367555,4.409248840367555,26.245528811711633,0.038101728
4881,Oysters,80.0,4.0,1.0,"Oysters, raw",13.0,320.0,"Vitamin A, RAE",UG,20.0,20.0,1814.368,0.04409248840367555,0.04409248840367555,4.409248840367555,4.409248840367555,0.33917298772058113,2.948348
4882,Oysters,80.0,4.0,1.0,"Oysters, raw",85.0,307.0,"Sodium, Na",MG,20.0,20.0,1814.368,0.04409248840367555,0.04409248840367555,4.409248840367555,4.409248840367555,0.05187351576903006,19.27766
4883,Mussels,10.0,1.0,1.0,Mussels,0.238,629.0,PUFA 20:5 n-3 (EPA),G,10.0,10.0,453.592,0.022046244201837775,0.022046244201837775,2.2046244201837775,2.2046244201837775,9.263127815898224,0.107954896
4884,Mussels,10.0,1.0,1.0,Mussels,0.642,645.0,"Fatty acids, total monounsaturated",G,10.0,10.0,453.592,0.022046244201837775,0.022046244201837775,2.2046244201837775,2.2046244201837775,3.43399442396227,0.291206064
4885,Mussels,10.0,1.0,1.0,Mussels,35.0,601.0,Cholesterol,MG,10.0,10.0,453.592,0.022046244201837775,0.022046244201837775,2.2046244201837775,2.2046244201837775,0.06298926914810793,15.87572
4886,Mussels,10.0,1.0,1.0,Mussels,0.057,415.0,Vitamin B-6,MG,10.0,10.0,453.592,0.022046244201837775,0.022046244201837775,2.2046244201837775,2.2046244201837775,38.67762140673294,0.025854744000000002
4887,Mussels,10.0,1.0,1.0,Mussels,43.0,304.0,"Magnesium, Mg",MG,10.0,10.0,453.592,0.022046244201837775,0.022046244201837775,2.2046244201837775,2.2046244201837775,0.0512703353531111,19.504456
4888,Mussels,10.0,1.0,1.0,Mussels,0.028,631.0,PUFA 22:5 n-3 (DPA),G,10.0,10.0,453.592,0.022046244201837775,0.022046244201837775,2.2046244201837775,2.2046244201837775,78.73658643513491,0.012700576
4889,Mussels,10.0,1.0,1.0,Mussels,0.0,322.0,"Carotene, alpha",UG,10.0,10.0,453.592,0.022046244201837775,0.022046244201837775,2.2046244201837775,2.2046244201837775,inf,0.0
4890,Mussels,10.0,1.0,1.0,Mussels,0.089,620.0,PUFA 20:4,G,10.0,10.0,453.592,0.022046244201837775,0.022046244201837775,2.2046244201837775,2.2046244201837775,24.771060900941322,0.040369688
4891,Mussels,10.0,1.0,1.0,Mussels,40.0,417.0,"Folate, total",UG,10.0,10.0,453.592,0.022046244201837775,0.022046244201837775,2.2046244201837775,2.2046244201837775,0.05511561050459444,18.14368
4892,Mussels,10.0,1.0,1.0,Mussels,0.0,609.0,SFA 8:0,G,10.0,10.0,453.592,0.022046244201837775,0.022046244201837775,2.2046244201837775,2.2046244201837775,inf,0.0
4893,Mussels,10.0,1.0,1.0,Mussels,56.7,317.0,"Selenium, Se",UG,10.0,10.0,453.592,0.022046244201837775,0.022046244201837775,2.2046244201837775,2.2046244201837775,0.03888226490623946,25.7186664
4894,Mussels,10.0,1.0,1.0,Mussels,58.0,319.0,Retinol,UG,10.0,10.0,453.592,0.022046244201837775,0.022046244201837775,2.2046244201837775,2.2046244201837775,0.03801076586523754,26.308336
4895,Mussels,10.0,1.0,1.0,Mussels,0.0,337.0,Lycopene,UG,10.0,10.0,453.592,0.022046244201837775,0.022046244201837775,2.2046244201837775,2.2046244201837775,inf,0.0
4896,Mussels,10.0,1.0,1.0,Mussels,75.42,255.0,Water,G,10.0,10.0,453.592,0.022046244201837775,0.022046244201837775,2.2046244201837775,2.2046244201837775,0.02923129700588408,34.20990864
4897,Mussels,10.0,1.0,1.0,Mussels,1.924,406.0,Niacin,MG,10.0,10.0,453.592,0.022046244201837775,0.022046244201837775,2.2046244201837775,2.2046244201837775,1.1458546882452065,0.872711008
4898,Mussels,10.0,1.0,1.0,Mussels,0.0,610.0,SFA 10:0,G,10.0,10.0,453.592,0.022046244201837775,0.022046244201837775,2.2046244201837775,2.2046244201837775,inf,0.0
4899,Mussels,10.0,1.0,1.0,Mussels,0.044,627.0,PUFA 18:4,G,10.0,10.0,453.592,0.022046244201837775,0.022046244201837775,2.2046244201837775,2.2046244201837775,50.10510045872222,0.019958048
4900,Mussels,10.0,1.0,1.0,Mussels,4.67,205.0,"Carbohydrate, by difference",G,10.0,10.0,453.592,0.022046244201837775,0.022046244201837775,2.2046244201837775,2.2046244201837775,0.472082316955841,2.11827464
4901,Mussels,10.0,1.0,1.0,Mussels,0.0,262.0,Caffeine,MG,10.0,10.0,453.592,0.022046244201837775,0.022046244201837775,2.2046244201837775,2.2046244201837775,inf,0.0
4902,Mussels,10.0,1.0,1.0,Mussels,0.033,630.0,MUFA 22:1,G,10.0,10.0,453.592,0.022046244201837775,0.022046244201837775,2.2046244201837775,2.2046244201837775,66.80680061162961,0.014968536000000001
4903,Mussels,10.0,1.0,1.0,Mussels,0.0,608.0,SFA 6:0,G,10.0,10.0,453.592,0.022046244201837775,0.022046244201837775,2.2046244201837775,2.2046244201837775,inf,0.0
4904,Mussels,10.0,1.0,1.0,Mussels,0.1,430.0,Vitamin K (phylloquinone),UG,10.0,10.0,453.592,0.022046244201837775,0.022046244201837775,2.2046244201837775,2.2046244201837775,22.046244201837773,0.0453592
4905,Mussels,10.0,1.0,1.0,Mussels,0.0,263.0,Theobromine,MG,10.0,10.0,453.592,0.022046244201837775,0.022046244201837775,2.2046244201837775,2.2046244201837775,inf,0.0
4906,Mussels,10.0,1.0,1.0,Mussels,0.0,578.0,"Vitamin B-12, added",UG,10.0,10.0,453.592,0.022046244201837775,0.022046244201837775,2.2046244201837775,2.2046244201837775,inf,0.0
4907,Mussels,10.0,1.0,1.0,Mussels,0.0,431.0,Folic acid,UG,10.0,10.0,453.592,0.022046244201837775,0.022046244201837775,2.2046244201837775,2.2046244201837775,inf,0.0
4908,Mussels,10.0,1.0,1.0,Mussels,40.0,435.0,"Folate, DFE",UG,10.0,10.0,453.592,0.022046244201837775,0.022046244201837775,2.2046244201837775,2.2046244201837775,0.05511561050459444,18.14368
4909,Mussels,10.0,1.0,1.0,Mussels,0.0,269.0,"Sugars, Total",G,10.0,10.0,453.592,0.022046244201837775,0.022046244201837775,2.2046244201837775,2.2046244201837775,inf,0.0
4910,Mussels,10.0,1.0,1.0,Mussels,2.84,204.0,Total lipid (fat),G,10.0,10.0,453.592,0.022046244201837775,0.022046244201837775,2.2046244201837775,2.2046244201837775,0.7762762042900625,1.28820128
4911,Mussels,10.0,1.0,1.0,Mussels,0.0,607.0,SFA 4:0,G,10.0,10.0,453.592,0.022046244201837775,0.022046244201837775,2.2046244201837775,2.2046244201837775,inf,0.0
4912,Mussels,10.0,1.0,1.0,Mussels,0.253,405.0,Riboflavin,MG,10.0,10.0,453.592,0.022046244201837775,0.022046244201837775,2.2046244201837775,2.2046244201837775,8.713930514560385,0.114758776
4913,Mussels,10.0,1.0,1.0,Mussels,0.023,618.0,PUFA 18:2,G,10.0,10.0,453.592,0.022046244201837775,0.022046244201837775,2.2046244201837775,2.2046244201837775,95.85323566016424,0.010432616
4914,Mussels,10.0,1.0,1.0,Mussels,0.7,323.0,Vitamin E (alpha-tocopherol),MG,10.0,10.0,453.592,0.022046244201837775,0.022046244201837775,2.2046244201837775,2.2046244201837775,3.1494634574053966,0.3175144
4915,Mussels,10.0,1.0,1.0,Mussels,40.0,432.0,"Folate, food",UG,10.0,10.0,453.592,0.022046244201837775,0.022046244201837775,2.2046244201837775,2.2046244201837775,0.05511561050459444,18.14368
4916,Mussels,10.0,1.0,1.0,Mussels,0.372,613.0,SFA 16:0,G,10.0,10.0,453.592,0.022046244201837775,0.022046244201837775,2.2046244201837775,2.2046244201837775,5.926409731676821,0.168736224
4917,Mussels,10.0,1.0,1.0,Mussels,405.0,306.0,"Potassium, K",MG,10.0,10.0,453.592,0.022046244201837775,0.022046244201837775,2.2046244201837775,2.2046244201837775,0.005443517086873525,183.70476
4918,Mussels,10.0,1.0,1.0,Mussels,0.086,614.0,SFA 18:0,G,10.0,10.0,453.592,0.022046244201837775,0.022046244201837775,2.2046244201837775,2.2046244201837775,25.635167676555554,0.039008912
4919,Mussels,10.0,1.0,1.0,Mussels,0.0,221.0,"Alcohol, ethyl",G,10.0,10.0,453.592,0.022046244201837775,0.022046244201837775,2.2046244201837775,2.2046244201837775,inf,0.0
4920,Mussels,10.0,1.0,1.0,Mussels,82.3,421.0,"Choline, total",MG,10.0,10.0,453.592,0.022046244201837775,0.022046244201837775,2.2046244201837775,2.2046244201837775,0.026787660026534356,37.3306216
4921,Mussels,10.0,1.0,1.0,Mussels,0.0,328.0,Vitamin D (D2 + D3),UG,10.0,10.0,453.592,0.022046244201837775,0.022046244201837775,2.2046244201837775,2.2046244201837775,inf,0.0
4922,Mussels,10.0,1.0,1.0,Mussels,362.0,307.0,"Sodium, Na",MG,10.0,10.0,453.592,0.022046244201837775,0.022046244201837775,2.2046244201837775,2.2046244201837775,0.006090122707689993,164.200304
4923,Mussels,10.0,1.0,1.0,Mussels,0.0,321.0,"Carotene, beta",UG,10.0,10.0,453.592,0.022046244201837775,0.022046244201837775,2.2046244201837775,2.2046244201837775,inf,0.0
4924,Mussels,10.0,1.0,1.0,Mussels,5.0,303.0,"Iron, Fe",MG,10.0,10.0,453.592,0.022046244201837775,0.022046244201837775,2.2046244201837775,2.2046244201837775,0.4409248840367555,2.26796
4925,Mussels,10.0,1.0,1.0,Mussels,0.0,334.0,"Cryptoxanthin, beta",UG,10.0,10.0,453.592,0.022046244201837775,0.022046244201837775,2.2046244201837775,2.2046244201837775,inf,0.0
4926,Mussels,10.0,1.0,1.0,Mussels,0.0,573.0,"Vitamin E, added",MG,10.0,10.0,453.592,0.022046244201837775,0.022046244201837775,2.2046244201837775,2.2046244201837775,inf,0.0
4927,Mussels,10.0,1.0,1.0,Mussels,0.175,626.0,MUFA 16:1,G,10.0,10.0,453.592,0.022046244201837775,0.022046244201837775,2.2046244201837775,2.2046244201837775,12.597853829621586,0.0793786
4928,Mussels,10.0,1.0,1.0,Mussels,0.025,619.0,PUFA 18:3,G,10.0,10.0,453.592,0.022046244201837775,0.022046244201837775,2.2046244201837775,2.2046244201837775,88.18497680735109,0.0113398
4929,Mussels,10.0,1.0,1.0,Mussels,0.767,646.0,"Fatty acids, total polyunsaturated",G,10.0,10.0,453.592,0.022046244201837775,0.022046244201837775,2.2046244201837775,2.2046244201837775,2.874347353564247,0.347905064
4930,Mussels,10.0,1.0,1.0,Mussels,0.538,606.0,"Fatty acids, total saturated",G,10.0,10.0,453.592,0.022046244201837775,0.022046244201837775,2.2046244201837775,2.2046244201837775,4.097814907404791,0.24403249600000002
4931,Mussels,10.0,1.0,1.0,Mussels,0.0,291.0,"Fiber, total dietary",G,10.0,10.0,453.592,0.022046244201837775,0.022046244201837775,2.2046244201837775,2.2046244201837775,inf,0.0
4932,Mussels,10.0,1.0,1.0,Mussels,0.32,621.0,PUFA 22:6 n-3 (DHA),G,10.0,10.0,453.592,0.022046244201837775,0.022046244201837775,2.2046244201837775,2.2046244201837775,6.8894513130743045,0.14514944000000002
4933,Mussels,10.0,1.0,1.0,Mussels,58.0,320.0,"Vitamin A, RAE",UG,10.0,10.0,453.592,0.022046244201837775,0.022046244201837775,2.2046244201837775,2.2046244201837775,0.03801076586523754,26.308336
4934,Mussels,10.0,1.0,1.0,Mussels,0.075,612.0,SFA 14:0,G,10.0,10.0,453.592,0.022046244201837775,0.022046244201837775,2.2046244201837775,2.2046244201837775,29.394992269117033,0.0340194
4935,Mussels,10.0,1.0,1.0,Mussels,2.02,309.0,"Zinc, Zn",MG,10.0,10.0,453.592,0.022046244201837775,0.022046244201837775,2.2046244201837775,2.2046244201837775,1.0913982278137513,0.91625584
4936,Mussels,10.0,1.0,1.0,Mussels,0.172,404.0,Thiamin,MG,10.0,10.0,453.592,0.022046244201837775,0.022046244201837775,2.2046244201837775,2.2046244201837775,12.817583838277777,0.078017824
4937,Mussels,10.0,1.0,1.0,Mussels,8.1,401.0,"Vitamin C, total ascorbic acid",MG,10.0,10.0,453.592,0.022046244201837775,0.022046244201837775,2.2046244201837775,2.2046244201837775,0.27217585434367625,3.6740952
4938,Mussels,10.0,1.0,1.0,Mussels,0.175,628.0,MUFA 20:1,G,10.0,10.0,453.592,0.022046244201837775,0.022046244201837775,2.2046244201837775,2.2046244201837775,12.597853829621586,0.0793786
4939,Mussels,10.0,1.0,1.0,Mussels,249.0,305.0,"Phosphorus, P",MG,10.0,10.0,453.592,0.022046244201837775,0.022046244201837775,2.2046244201837775,2.2046244201837775,0.008853913334071395,112.944408
4940,Mussels,10.0,1.0,1.0,Mussels,0.259,617.0,MUFA 18:1,G,10.0,10.0,453.592,0.022046244201837775,0.022046244201837775,2.2046244201837775,2.2046244201837775,8.512063398392963,0.11748032800000001
4941,Mussels,10.0,1.0,1.0,Mussels,0.0,611.0,SFA 12:0,G,10.0,10.0,453.592,0.022046244201837775,0.022046244201837775,2.2046244201837775,2.2046244201837775,inf,0.0
4942,Mussels,10.0,1.0,1.0,Mussels,0.0,338.0,Lutein + zeaxanthin,UG,10.0,10.0,453.592,0.022046244201837775,0.022046244201837775,2.2046244201837775,2.2046244201837775,inf,0.0
4943,Mussels,10.0,1.0,1.0,Mussels,0.119,312.0,"Copper, Cu",MG,10.0,10.0,453.592,0.022046244201837775,0.022046244201837775,2.2046244201837775,2.2046244201837775,18.52625563179645,0.053977448
4944,Mussels,10.0,1.0,1.0,Mussels,12.91,418.0,Vitamin B-12,UG,10.0,10.0,453.592,0.022046244201837775,0.022046244201837775,2.2046244201837775,2.2046244201837775,0.1707687389762802,5.85587272
4945,Mussels,10.0,1.0,1.0,Mussels,109.0,208.0,Energy,KCAL,10.0,10.0,453.592,0.022046244201837775,0.022046244201837775,2.2046244201837775,2.2046244201837775,0.020225912111777773,49.441528
4946,Mussels,10.0,1.0,1.0,Mussels,15.06,203.0,Protein,G,10.0,10.0,453.592,0.022046244201837775,0.022046244201837775,2.2046244201837775,2.2046244201837775,0.1463894037306625,6.83109552
4947,Mussels,10.0,1.0,1.0,Mussels,33.0,301.0,"Calcium, Ca",MG,10.0,10.0,453.592,0.022046244201837775,0.022046244201837775,2.2046244201837775,2.2046244201837775,0.06680680061162962,14.968536
4948,Egg whites,2.5,1.0,1.0,"Egg, white, cooked, no added fat",0.0,628.0,MUFA 20:1,G,2.5,2.5,453.592,0.005511561050459444,0.005511561050459444,0.5511561050459444,0.5511561050459444,inf,0.0
4949,Egg whites,2.5,1.0,1.0,"Egg, white, cooked, no added fat",0.0,578.0,"Vitamin B-12, added",UG,2.5,2.5,453.592,0.005511561050459444,0.005511561050459444,0.5511561050459444,0.5511561050459444,inf,0.0
4950,Egg whites,2.5,1.0,1.0,"Egg, white, cooked, no added fat",0.0,328.0,Vitamin D (D2 + D3),UG,2.5,2.5,453.592,0.005511561050459444,0.005511561050459444,0.5511561050459444,0.5511561050459444,inf,0.0
4951,Egg whites,2.5,1.0,1.0,"Egg, white, cooked, no added fat",17.8,317.0,"Selenium, Se",UG,2.5,2.5,453.592,0.005511561050459444,0.005511561050459444,0.5511561050459444,0.5511561050459444,0.03096382612617665,32.2957504
4952,Egg whites,2.5,1.0,1.0,"Egg, white, cooked, no added fat",0.0,221.0,"Alcohol, ethyl",G,2.5,2.5,453.592,0.005511561050459444,0.005511561050459444,0.5511561050459444,0.5511561050459444,inf,0.0
4953,Egg whites,2.5,1.0,1.0,"Egg, white, cooked, no added fat",0.0,626.0,MUFA 16:1,G,2.5,2.5,453.592,0.005511561050459444,0.005511561050459444,0.5511561050459444,0.5511561050459444,inf,0.0
4954,Egg whites,2.5,1.0,1.0,"Egg, white, cooked, no added fat",0.0,337.0,Lycopene,UG,2.5,2.5,453.592,0.005511561050459444,0.005511561050459444,0.5511561050459444,0.5511561050459444,inf,0.0
4955,Egg whites,2.5,1.0,1.0,"Egg, white, cooked, no added fat",0.0,323.0,Vitamin E (alpha-tocopherol),MG,2.5,2.5,453.592,0.005511561050459444,0.005511561050459444,0.5511561050459444,0.5511561050459444,inf,0.0
4956,Egg whites,2.5,1.0,1.0,"Egg, white, cooked, no added fat",0.0,646.0,"Fatty acids, total polyunsaturated",G,2.5,2.5,453.592,0.005511561050459444,0.005511561050459444,0.5511561050459444,0.5511561050459444,inf,0.0
4957,Egg whites,2.5,1.0,1.0,"Egg, white, cooked, no added fat",7.0,301.0,"Calcium, Ca",MG,2.5,2.5,453.592,0.005511561050459444,0.005511561050459444,0.5511561050459444,0.5511561050459444,0.07873658643513491,12.700576
4958,Egg whites,2.5,1.0,1.0,"Egg, white, cooked, no added fat",0.0,431.0,Folic acid,UG,2.5,2.5,453.592,0.005511561050459444,0.005511561050459444,0.5511561050459444,0.5511561050459444,inf,0.0
4959,Egg whites,2.5,1.0,1.0,"Egg, white, cooked, no added fat",0.0,262.0,Caffeine,MG,2.5,2.5,453.592,0.005511561050459444,0.005511561050459444,0.5511561050459444,0.5511561050459444,inf,0.0
4960,Egg whites,2.5,1.0,1.0,"Egg, white, cooked, no added fat",0.71,269.0,"Sugars, Total",G,2.5,2.5,453.592,0.005511561050459444,0.005511561050459444,0.5511561050459444,0.5511561050459444,0.7762762042900625,1.28820128
4961,Egg whites,2.5,1.0,1.0,"Egg, white, cooked, no added fat",0.0,610.0,SFA 10:0,G,2.5,2.5,453.592,0.005511561050459444,0.005511561050459444,0.5511561050459444,0.5511561050459444,inf,0.0
4962,Egg whites,2.5,1.0,1.0,"Egg, white, cooked, no added fat",3.0,432.0,"Folate, food",UG,2.5,2.5,453.592,0.005511561050459444,0.005511561050459444,0.5511561050459444,0.5511561050459444,0.18371870168198146,5.443104
4963,Egg whites,2.5,1.0,1.0,"Egg, white, cooked, no added fat",0.0,601.0,Cholesterol,MG,2.5,2.5,453.592,0.005511561050459444,0.005511561050459444,0.5511561050459444,0.5511561050459444,inf,0.0
4964,Egg whites,2.5,1.0,1.0,"Egg, white, cooked, no added fat",0.0,619.0,PUFA 18:3,G,2.5,2.5,453.592,0.005511561050459444,0.005511561050459444,0.5511561050459444,0.5511561050459444,inf,0.0
4965,Egg whites,2.5,1.0,1.0,"Egg, white, cooked, no added fat",0.0,611.0,SFA 12:0,G,2.5,2.5,453.592,0.005511561050459444,0.005511561050459444,0.5511561050459444,0.5511561050459444,inf,0.0
4966,Egg whites,2.5,1.0,1.0,"Egg, white, cooked, no added fat",0.37,405.0,Riboflavin,MG,2.5,2.5,453.592,0.005511561050459444,0.005511561050459444,0.5511561050459444,0.5511561050459444,1.4896110947187686,0.67131616
4967,Egg whites,2.5,1.0,1.0,"Egg, white, cooked, no added fat",0.0,573.0,"Vitamin E, added",MG,2.5,2.5,453.592,0.005511561050459444,0.005511561050459444,0.5511561050459444,0.5511561050459444,inf,0.0
4968,Egg whites,2.5,1.0,1.0,"Egg, white, cooked, no added fat",0.0,401.0,"Vitamin C, total ascorbic acid",MG,2.5,2.5,453.592,0.005511561050459444,0.005511561050459444,0.5511561050459444,0.5511561050459444,inf,0.0
4969,Egg whites,2.5,1.0,1.0,"Egg, white, cooked, no added fat",10.67,203.0,Protein,G,2.5,2.5,453.592,0.005511561050459444,0.005511561050459444,0.5511561050459444,0.5511561050459444,0.051654742740950735,19.35930656
4970,Egg whites,2.5,1.0,1.0,"Egg, white, cooked, no added fat",0.9,421.0,"Choline, total",MG,2.5,2.5,453.592,0.005511561050459444,0.005511561050459444,0.5511561050459444,0.5511561050459444,0.6123956722732715,1.6329312
4971,Egg whites,2.5,1.0,1.0,"Egg, white, cooked, no added fat",0.0,614.0,SFA 18:0,G,2.5,2.5,453.592,0.005511561050459444,0.005511561050459444,0.5511561050459444,0.5511561050459444,inf,0.0
4972,Egg whites,2.5,1.0,1.0,"Egg, white, cooked, no added fat",281.0,307.0,"Sodium, Na",MG,2.5,2.5,453.592,0.005511561050459444,0.005511561050459444,0.5511561050459444,0.5511561050459444,0.0019614096264980226,509.837408
4973,Egg whites,2.5,1.0,1.0,"Egg, white, cooked, no added fat",0.094,406.0,Niacin,MG,2.5,2.5,453.592,0.005511561050459444,0.005511561050459444,0.5511561050459444,0.5511561050459444,5.863362819637706,0.170550592
4974,Egg whites,2.5,1.0,1.0,"Egg, white, cooked, no added fat",0.0,608.0,SFA 6:0,G,2.5,2.5,453.592,0.005511561050459444,0.005511561050459444,0.5511561050459444,0.5511561050459444,inf,0.0
4975,Egg whites,2.5,1.0,1.0,"Egg, white, cooked, no added fat",0.0,291.0,"Fiber, total dietary",G,2.5,2.5,453.592,0.005511561050459444,0.005511561050459444,0.5511561050459444,0.5511561050459444,inf,0.0
4976,Egg whites,2.5,1.0,1.0,"Egg, white, cooked, no added fat",11.0,304.0,"Magnesium, Mg",MG,2.5,2.5,453.592,0.005511561050459444,0.005511561050459444,0.5511561050459444,0.5511561050459444,0.05010510045872221,19.958048
4977,Egg whites,2.5,1.0,1.0,"Egg, white, cooked, no added fat",0.0,630.0,MUFA 22:1,G,2.5,2.5,453.592,0.005511561050459444,0.005511561050459444,0.5511561050459444,0.5511561050459444,inf,0.0
4978,Egg whites,2.5,1.0,1.0,"Egg, white, cooked, no added fat",0.0,606.0,"Fatty acids, total saturated",G,2.5,2.5,453.592,0.005511561050459444,0.005511561050459444,0.5511561050459444,0.5511561050459444,inf,0.0
4979,Egg whites,2.5,1.0,1.0,"Egg, white, cooked, no added fat",0.0,618.0,PUFA 18:2,G,2.5,2.5,453.592,0.005511561050459444,0.005511561050459444,0.5511561050459444,0.5511561050459444,inf,0.0
4980,Egg whites,2.5,1.0,1.0,"Egg, white, cooked, no added fat",0.0,645.0,"Fatty acids, total monounsaturated",G,2.5,2.5,453.592,0.005511561050459444,0.005511561050459444,0.5511561050459444,0.5511561050459444,inf,0.0
4981,Egg whites,2.5,1.0,1.0,"Egg, white, cooked, no added fat",0.0,627.0,PUFA 18:4,G,2.5,2.5,453.592,0.005511561050459444,0.005511561050459444,0.5511561050459444,0.5511561050459444,inf,0.0
4982,Egg whites,2.5,1.0,1.0,"Egg, white, cooked, no added fat",0.0,320.0,"Vitamin A, RAE",UG,2.5,2.5,453.592,0.005511561050459444,0.005511561050459444,0.5511561050459444,0.5511561050459444,inf,0.0
4983,Egg whites,2.5,1.0,1.0,"Egg, white, cooked, no added fat",0.0,631.0,PUFA 22:5 n-3 (DPA),G,2.5,2.5,453.592,0.005511561050459444,0.005511561050459444,0.5511561050459444,0.5511561050459444,inf,0.0
4984,Egg whites,2.5,1.0,1.0,"Egg, white, cooked, no added fat",15.0,305.0,"Phosphorus, P",MG,2.5,2.5,453.592,0.005511561050459444,0.005511561050459444,0.5511561050459444,0.5511561050459444,0.03674374033639629,27.21552
4985,Egg whites,2.5,1.0,1.0,"Egg, white, cooked, no added fat",0.08,303.0,"Iron, Fe",MG,2.5,2.5,453.592,0.005511561050459444,0.005511561050459444,0.5511561050459444,0.5511561050459444,6.8894513130743045,0.14514944000000002
4986,Egg whites,2.5,1.0,1.0,"Egg, white, cooked, no added fat",2.35,205.0,"Carbohydrate, by difference",G,2.5,2.5,453.592,0.005511561050459444,0.005511561050459444,0.5511561050459444,0.5511561050459444,0.23453451278550824,4.263764800000001
4987,Egg whites,2.5,1.0,1.0,"Egg, white, cooked, no added fat",0.0,613.0,SFA 16:0,G,2.5,2.5,453.592,0.005511561050459444,0.005511561050459444,0.5511561050459444,0.5511561050459444,inf,0.0
4988,Egg whites,2.5,1.0,1.0,"Egg, white, cooked, no added fat",3.0,435.0,"Folate, DFE",UG,2.5,2.5,453.592,0.005511561050459444,0.005511561050459444,0.5511561050459444,0.5511561050459444,0.18371870168198146,5.443104
4989,Egg whites,2.5,1.0,1.0,"Egg, white, cooked, no added fat",0.0,617.0,MUFA 18:1,G,2.5,2.5,453.592,0.005511561050459444,0.005511561050459444,0.5511561050459444,0.5511561050459444,inf,0.0
4990,Egg whites,2.5,1.0,1.0,"Egg, white, cooked, no added fat",0.0,621.0,PUFA 22:6 n-3 (DHA),G,2.5,2.5,453.592,0.005511561050459444,0.005511561050459444,0.5511561050459444,0.5511561050459444,inf,0.0
4991,Egg whites,2.5,1.0,1.0,"Egg, white, cooked, no added fat",163.0,306.0,"Potassium, K",MG,2.5,2.5,453.592,0.005511561050459444,0.005511561050459444,0.5511561050459444,0.5511561050459444,0.0033813257978278794,295.741984
4992,Egg whites,2.5,1.0,1.0,"Egg, white, cooked, no added fat",0.023,312.0,"Copper, Cu",MG,2.5,2.5,453.592,0.005511561050459444,0.005511561050459444,0.5511561050459444,0.5511561050459444,23.96330891504106,0.041730464
4993,Egg whites,2.5,1.0,1.0,"Egg, white, cooked, no added fat",0.005,415.0,Vitamin B-6,MG,2.5,2.5,453.592,0.005511561050459444,0.005511561050459444,0.5511561050459444,0.5511561050459444,110.23122100918887,0.009071840000000001
4994,Egg whites,2.5,1.0,1.0,"Egg, white, cooked, no added fat",0.0,319.0,Retinol,UG,2.5,2.5,453.592,0.005511561050459444,0.005511561050459444,0.5511561050459444,0.5511561050459444,inf,0.0
4995,Egg whites,2.5,1.0,1.0,"Egg, white, cooked, no added fat",0.0,609.0,SFA 8:0,G,2.5,2.5,453.592,0.005511561050459444,0.005511561050459444,0.5511561050459444,0.5511561050459444,inf,0.0
4996,Egg whites,2.5,1.0,1.0,"Egg, white, cooked, no added fat",0.0,334.0,"Cryptoxanthin, beta",UG,2.5,2.5,453.592,0.005511561050459444,0.005511561050459444,0.5511561050459444,0.5511561050459444,inf,0.0
4997,Egg whites,2.5,1.0,1.0,"Egg, white, cooked, no added fat",0.0,204.0,Total lipid (fat),G,2.5,2.5,453.592,0.005511561050459444,0.005511561050459444,0.5511561050459444,0.5511561050459444,inf,0.0
4998,Egg whites,2.5,1.0,1.0,"Egg, white, cooked, no added fat",0.003,404.0,Thiamin,MG,2.5,2.5,453.592,0.005511561050459444,0.005511561050459444,0.5511561050459444,0.5511561050459444,183.71870168198146,0.005443104
4999,Egg whites,2.5,1.0,1.0,"Egg, white, cooked, no added fat",0.03,309.0,"Zinc, Zn",MG,2.5,2.5,453.592,0.005511561050459444,0.005511561050459444,0.5511561050459444,0.5511561050459444,18.371870168198146,0.05443104
5000,Egg whites,2.5,1.0,1.0,"Egg, white, cooked, no added fat",0.07,418.0,Vitamin B-12,UG,2.5,2.5,453.592,0.005511561050459444,0.005511561050459444,0.5511561050459444,0.5511561050459444,7.87365864351349,0.12700576000000002
5001,Egg whites,2.5,1.0,1.0,"Egg, white, cooked, no added fat",3.0,417.0,"Folate, total",UG,2.5,2.5,453.592,0.005511561050459444,0.005511561050459444,0.5511561050459444,0.5511561050459444,0.18371870168198146,5.443104
5002,Egg whites,2.5,1.0,1.0,"Egg, white, cooked, no added fat",0.0,338.0,Lutein + zeaxanthin,UG,2.5,2.5,453.592,0.005511561050459444,0.005511561050459444,0.5511561050459444,0.5511561050459444,inf,0.0
5003,Egg whites,2.5,1.0,1.0,"Egg, white, cooked, no added fat",0.0,263.0,Theobromine,MG,2.5,2.5,453.592,0.005511561050459444,0.005511561050459444,0.5511561050459444,0.5511561050459444,inf,0.0
5004,Egg whites,2.5,1.0,1.0,"Egg, white, cooked, no added fat",52.0,208.0,Energy,KCAL,2.5,2.5,453.592,0.005511561050459444,0.005511561050459444,0.5511561050459444,0.5511561050459444,0.01059915586626816,94.347136
5005,Egg whites,2.5,1.0,1.0,"Egg, white, cooked, no added fat",0.0,612.0,SFA 14:0,G,2.5,2.5,453.592,0.005511561050459444,0.005511561050459444,0.5511561050459444,0.5511561050459444,inf,0.0
5006,Egg whites,2.5,1.0,1.0,"Egg, white, cooked, no added fat",0.0,629.0,PUFA 20:5 n-3 (EPA),G,2.5,2.5,453.592,0.005511561050459444,0.005511561050459444,0.5511561050459444,0.5511561050459444,inf,0.0
5007,Egg whites,2.5,1.0,1.0,"Egg, white, cooked, no added fat",0.0,322.0,"Carotene, alpha",UG,2.5,2.5,453.592,0.005511561050459444,0.005511561050459444,0.5511561050459444,0.5511561050459444,inf,0.0
5008,Egg whites,2.5,1.0,1.0,"Egg, white, cooked, no added fat",86.04,255.0,Water,G,2.5,2.5,453.592,0.005511561050459444,0.005511561050459444,0.5511561050459444,0.5511561050459444,0.006405812471477735,156.10822272000001
5009,Egg whites,2.5,1.0,1.0,"Egg, white, cooked, no added fat",0.0,607.0,SFA 4:0,G,2.5,2.5,453.592,0.005511561050459444,0.005511561050459444,0.5511561050459444,0.5511561050459444,inf,0.0
5010,Egg whites,2.5,1.0,1.0,"Egg, white, cooked, no added fat",0.0,321.0,"Carotene, beta",UG,2.5,2.5,453.592,0.005511561050459444,0.005511561050459444,0.5511561050459444,0.5511561050459444,inf,0.0
5011,Egg whites,2.5,1.0,1.0,"Egg, white, cooked, no added fat",0.0,430.0,Vitamin K (phylloquinone),UG,2.5,2.5,453.592,0.005511561050459444,0.005511561050459444,0.5511561050459444,0.5511561050459444,inf,0.0
5012,Egg whites,2.5,1.0,1.0,"Egg, white, cooked, no added fat",0.0,620.0,PUFA 20:4,G,2.5,2.5,453.592,0.005511561050459444,0.005511561050459444,0.5511561050459444,0.5511561050459444,inf,0.0
5013,Eggs,1.5,1.0,1.0,"Egg, whole, boiled or poached",3.35,617.0,MUFA 18:1,G,1.5,1.5,453.592,0.003306936630275666,0.003306936630275666,0.33069366302756664,0.33069366302756664,0.09871452627688557,10.130221333333333
5014,Eggs,1.5,1.0,1.0,"Egg, whole, boiled or poached",0.0,321.0,"Carotene, beta",UG,1.5,1.5,453.592,0.003306936630275666,0.003306936630275666,0.33069366302756664,0.33069366302756664,inf,0.0
5015,Eggs,1.5,1.0,1.0,"Egg, whole, boiled or poached",0.0,431.0,Folic acid,UG,1.5,1.5,453.592,0.003306936630275666,0.003306936630275666,0.33069366302756664,0.33069366302756664,inf,0.0
5016,Eggs,1.5,1.0,1.0,"Egg, whole, boiled or poached",0.0,337.0,Lycopene,UG,1.5,1.5,453.592,0.003306936630275666,0.003306936630275666,0.33069366302756664,0.33069366302756664,inf,0.0
5017,Eggs,1.5,1.0,1.0,"Egg, whole, boiled or poached",268.0,421.0,"Choline, total",MG,1.5,1.5,453.592,0.003306936630275666,0.003306936630275666,0.33069366302756664,0.33069366302756664,0.0012339315784610696,810.4177066666666
5018,Eggs,1.5,1.0,1.0,"Egg, whole, boiled or poached",0.398,405.0,Riboflavin,MG,1.5,1.5,453.592,0.003306936630275666,0.003306936630275666,0.33069366302756664,0.33069366302756664,0.8308886005717755,1.2035307733333334
5019,Eggs,1.5,1.0,1.0,"Egg, whole, boiled or poached",53.0,432.0,"Folate, food",UG,1.5,1.5,453.592,0.003306936630275666,0.003306936630275666,0.33069366302756664,0.33069366302756664,0.0062395030759918235,160.26917333333333
5020,Eggs,1.5,1.0,1.0,"Egg, whole, boiled or poached",3.2,606.0,"Fatty acids, total saturated",G,1.5,1.5,453.592,0.003306936630275666,0.003306936630275666,0.33069366302756664,0.33069366302756664,0.10334176969611457,9.676629333333333
5021,Eggs,1.5,1.0,1.0,"Egg, whole, boiled or poached",0.0,628.0,MUFA 20:1,G,1.5,1.5,453.592,0.003306936630275666,0.003306936630275666,0.33069366302756664,0.33069366302756664,inf,0.0
5022,Eggs,1.5,1.0,1.0,"Egg, whole, boiled or poached",1.24,309.0,"Zinc, Zn",MG,1.5,1.5,453.592,0.003306936630275666,0.003306936630275666,0.33069366302756664,0.33069366302756664,0.266688437925457,3.7496938666666666
5023,Eggs,1.5,1.0,1.0,"Egg, whole, boiled or poached",0.82,418.0,Vitamin B-12,UG,1.5,1.5,453.592,0.003306936630275666,0.003306936630275666,0.33069366302756664,0.33069366302756664,0.40328495491166666,2.4796362666666663
5024,Eggs,1.5,1.0,1.0,"Egg, whole, boiled or poached",0.0,627.0,PUFA 18:4,G,1.5,1.5,453.592,0.003306936630275666,0.003306936630275666,0.33069366302756664,0.33069366302756664,inf,0.0
5025,Eggs,1.5,1.0,1.0,"Egg, whole, boiled or poached",1.05,323.0,Vitamin E (alpha-tocopherol),MG,1.5,1.5,453.592,0.003306936630275666,0.003306936630275666,0.33069366302756664,0.33069366302756664,0.31494634574053965,3.175144
5026,Eggs,1.5,1.0,1.0,"Egg, whole, boiled or poached",1.82,646.0,"Fatty acids, total polyunsaturated",G,1.5,1.5,453.592,0.003306936630275666,0.003306936630275666,0.33069366302756664,0.33069366302756664,0.18169981485031134,5.503582933333333
5027,Eggs,1.5,1.0,1.0,"Egg, whole, boiled or poached",503.0,338.0,Lutein + zeaxanthin,UG,1.5,1.5,453.592,0.003306936630275666,0.003306936630275666,0.33069366302756664,0.33069366302756664,0.0006574426700349238,1521.0451733333332
5028,Eggs,1.5,1.0,1.0,"Egg, whole, boiled or poached",31.1,317.0,"Selenium, Se",UG,1.5,1.5,453.592,0.003306936630275666,0.003306936630275666,0.33069366302756664,0.33069366302756664,0.010633236753297963,94.04474133333333
5029,Eggs,1.5,1.0,1.0,"Egg, whole, boiled or poached",2.32,613.0,SFA 16:0,G,1.5,1.5,453.592,0.003306936630275666,0.003306936630275666,0.33069366302756664,0.33069366302756664,0.1425403719946408,7.015556266666666
5030,Eggs,1.5,1.0,1.0,"Egg, whole, boiled or poached",3.63,645.0,"Fatty acids, total monounsaturated",G,1.5,1.5,453.592,0.003306936630275666,0.003306936630275666,0.33069366302756664,0.33069366302756664,0.09110018265222222,10.976926399999998
5031,Eggs,1.5,1.0,1.0,"Egg, whole, boiled or poached",0.0,631.0,PUFA 22:5 n-3 (DPA),G,1.5,1.5,453.592,0.003306936630275666,0.003306936630275666,0.33069366302756664,0.33069366302756664,inf,0.0
5032,Eggs,1.5,1.0,1.0,"Egg, whole, boiled or poached",0.0,322.0,"Carotene, alpha",UG,1.5,1.5,453.592,0.003306936630275666,0.003306936630275666,0.33069366302756664,0.33069366302756664,inf,0.0
5033,Eggs,1.5,1.0,1.0,"Egg, whole, boiled or poached",0.0,630.0,MUFA 22:1,G,1.5,1.5,453.592,0.003306936630275666,0.003306936630275666,0.33069366302756664,0.33069366302756664,inf,0.0
5034,Eggs,1.5,1.0,1.0,"Egg, whole, boiled or poached",0.0,609.0,SFA 8:0,G,1.5,1.5,453.592,0.003306936630275666,0.003306936630275666,0.33069366302756664,0.33069366302756664,inf,0.0
5035,Eggs,1.5,1.0,1.0,"Egg, whole, boiled or poached",0.813,614.0,SFA 18:0,G,1.5,1.5,453.592,0.003306936630275666,0.003306936630275666,0.33069366302756664,0.33069366302756664,0.40675727309663795,2.4584686399999995
5036,Eggs,1.5,1.0,1.0,"Egg, whole, boiled or poached",0.0,578.0,"Vitamin B-12, added",UG,1.5,1.5,453.592,0.003306936630275666,0.003306936630275666,0.33069366302756664,0.33069366302756664,inf,0.0
5037,Eggs,1.5,1.0,1.0,"Egg, whole, boiled or poached",1.46,618.0,PUFA 18:2,G,1.5,1.5,453.592,0.003306936630275666,0.003306936630275666,0.33069366302756664,0.33069366302756664,0.22650250892299087,4.414962133333333
5038,Eggs,1.5,1.0,1.0,"Egg, whole, boiled or poached",129.0,307.0,"Sodium, Na",MG,1.5,1.5,453.592,0.003306936630275666,0.003306936630275666,0.33069366302756664,0.33069366302756664,0.0025635167676555555,390.08912
5039,Eggs,1.5,1.0,1.0,"Egg, whole, boiled or poached",0.0,607.0,SFA 4:0,G,1.5,1.5,453.592,0.003306936630275666,0.003306936630275666,0.33069366302756664,0.33069366302756664,inf,0.0
5040,Eggs,1.5,1.0,1.0,"Egg, whole, boiled or poached",0.0,312.0,"Copper, Cu",MG,1.5,1.5,453.592,0.003306936630275666,0.003306936630275666,0.33069366302756664,0.33069366302756664,inf,0.0
5041,Eggs,1.5,1.0,1.0,"Egg, whole, boiled or poached",0.06,415.0,Vitamin B-6,MG,1.5,1.5,453.592,0.003306936630275666,0.003306936630275666,0.33069366302756664,0.33069366302756664,5.511561050459444,0.18143679999999998
5042,Eggs,1.5,1.0,1.0,"Egg, whole, boiled or poached",0.0,620.0,PUFA 20:4,G,1.5,1.5,453.592,0.003306936630275666,0.003306936630275666,0.33069366302756664,0.33069366302756664,inf,0.0
5043,Eggs,1.5,1.0,1.0,"Egg, whole, boiled or poached",179.0,319.0,Retinol,UG,1.5,1.5,453.592,0.003306936630275666,0.003306936630275666,0.33069366302756664,0.33069366302756664,0.0018474506314389199,541.2864533333333
5044,Eggs,1.5,1.0,1.0,"Egg, whole, boiled or poached",0.0,610.0,SFA 10:0,G,1.5,1.5,453.592,0.003306936630275666,0.003306936630275666,0.33069366302756664,0.33069366302756664,inf,0.0
5045,Eggs,1.5,1.0,1.0,"Egg, whole, boiled or poached",0.3,430.0,Vitamin K (phylloquinone),UG,1.5,1.5,453.592,0.003306936630275666,0.003306936630275666,0.33069366302756664,0.33069366302756664,1.102312210091889,0.9071839999999999
5046,Eggs,1.5,1.0,1.0,"Egg, whole, boiled or poached",0.0,611.0,SFA 12:0,G,1.5,1.5,453.592,0.003306936630275666,0.003306936630275666,0.33069366302756664,0.33069366302756664,inf,0.0
5047,Eggs,1.5,1.0,1.0,"Egg, whole, boiled or poached",0.062,404.0,Thiamin,MG,1.5,1.5,453.592,0.003306936630275666,0.003306936630275666,0.33069366302756664,0.33069366302756664,5.333768758509139,0.1874846933333333
5048,Eggs,1.5,1.0,1.0,"Egg, whole, boiled or poached",53.0,435.0,"Folate, DFE",UG,1.5,1.5,453.592,0.003306936630275666,0.003306936630275666,0.33069366302756664,0.33069366302756664,0.0062395030759918235,160.26917333333333
5049,Eggs,1.5,1.0,1.0,"Egg, whole, boiled or poached",180.0,320.0,"Vitamin A, RAE",UG,1.5,1.5,453.592,0.003306936630275666,0.003306936630275666,0.33069366302756664,0.33069366302756664,0.0018371870168198147,544.3104
5050,Eggs,1.5,1.0,1.0,"Egg, whole, boiled or poached",0.238,626.0,MUFA 16:1,G,1.5,1.5,453.592,0.003306936630275666,0.003306936630275666,0.33069366302756664,0.33069366302756664,1.3894691723847339,0.7196993066666666
5051,Eggs,1.5,1.0,1.0,"Egg, whole, boiled or poached",0.0,291.0,"Fiber, total dietary",G,1.5,1.5,453.592,0.003306936630275666,0.003306936630275666,0.33069366302756664,0.33069366302756664,inf,0.0
5052,Eggs,1.5,1.0,1.0,"Egg, whole, boiled or poached",0.0,262.0,Caffeine,MG,1.5,1.5,453.592,0.003306936630275666,0.003306936630275666,0.33069366302756664,0.33069366302756664,inf,0.0
5053,Eggs,1.5,1.0,1.0,"Egg, whole, boiled or poached",12.4,203.0,Protein,G,1.5,1.5,453.592,0.003306936630275666,0.003306936630275666,0.33069366302756664,0.33069366302756664,0.026668843792545697,37.496938666666665
5054,Eggs,1.5,1.0,1.0,"Egg, whole, boiled or poached",184.0,305.0,"Phosphorus, P",MG,1.5,1.5,453.592,0.003306936630275666,0.003306936630275666,0.33069366302756664,0.33069366302756664,0.0017972481686280796,556.4061866666666
5055,Eggs,1.5,1.0,1.0,"Egg, whole, boiled or poached",75.8,255.0,Water,G,1.5,1.5,453.592,0.003306936630275666,0.003306936630275666,0.33069366302756664,0.33069366302756664,0.00436271323255365,229.2151573333333
5056,Eggs,1.5,1.0,1.0,"Egg, whole, boiled or poached",0.0,221.0,"Alcohol, ethyl",G,1.5,1.5,453.592,0.003306936630275666,0.003306936630275666,0.33069366302756664,0.33069366302756664,inf,0.0
5057,Eggs,1.5,1.0,1.0,"Egg, whole, boiled or poached",9.96,204.0,Total lipid (fat),G,1.5,1.5,453.592,0.003306936630275666,0.003306936630275666,0.33069366302756664,0.33069366302756664,0.03320217500276773,30.1185088
5058,Eggs,1.5,1.0,1.0,"Egg, whole, boiled or poached",0.96,205.0,"Carbohydrate, by difference",G,1.5,1.5,453.592,0.003306936630275666,0.003306936630275666,0.33069366302756664,0.33069366302756664,0.34447256565371526,2.9029887999999997
5059,Eggs,1.5,1.0,1.0,"Egg, whole, boiled or poached",48.0,301.0,"Calcium, Ca",MG,1.5,1.5,453.592,0.003306936630275666,0.003306936630275666,0.33069366302756664,0.33069366302756664,0.006889451313074305,145.14944
5060,Eggs,1.5,1.0,1.0,"Egg, whole, boiled or poached",0.2,269.0,"Sugars, Total",G,1.5,1.5,453.592,0.003306936630275666,0.003306936630275666,0.33069366302756664,0.33069366302756664,1.653468315137833,0.6047893333333333
5061,Eggs,1.5,1.0,1.0,"Egg, whole, boiled or poached",132.0,306.0,"Potassium, K",MG,1.5,1.5,453.592,0.003306936630275666,0.003306936630275666,0.33069366302756664,0.33069366302756664,0.002505255022936111,399.16096
5062,Eggs,1.5,1.0,1.0,"Egg, whole, boiled or poached",1.67,303.0,"Iron, Fe",MG,1.5,1.5,453.592,0.003306936630275666,0.003306936630275666,0.33069366302756664,0.33069366302756664,0.19802015750153693,5.049990933333333
5063,Eggs,1.5,1.0,1.0,"Egg, whole, boiled or poached",0.0,263.0,Theobromine,MG,1.5,1.5,453.592,0.003306936630275666,0.003306936630275666,0.33069366302756664,0.33069366302756664,inf,0.0
5064,Eggs,1.5,1.0,1.0,"Egg, whole, boiled or poached",11.0,304.0,"Magnesium, Mg",MG,1.5,1.5,453.592,0.003306936630275666,0.003306936630275666,0.33069366302756664,0.33069366302756664,0.030063060275233332,33.26341333333333
5065,Eggs,1.5,1.0,1.0,"Egg, whole, boiled or poached",143.0,208.0,Energy,KCAL,1.5,1.5,453.592,0.003306936630275666,0.003306936630275666,0.33069366302756664,0.33069366302756664,0.0023125430980948714,432.42437333333334
5066,Eggs,1.5,1.0,1.0,"Egg, whole, boiled or poached",0.032,612.0,SFA 14:0,G,1.5,1.5,453.592,0.003306936630275666,0.003306936630275666,0.33069366302756664,0.33069366302756664,10.334176969611457,0.09676629333333334
5067,Eggs,1.5,1.0,1.0,"Egg, whole, boiled or poached",53.0,417.0,"Folate, total",UG,1.5,1.5,453.592,0.003306936630275666,0.003306936630275666,0.33069366302756664,0.33069366302756664,0.0062395030759918235,160.26917333333333
5068,Eggs,1.5,1.0,1.0,"Egg, whole, boiled or poached",13.0,334.0,"Cryptoxanthin, beta",UG,1.5,1.5,453.592,0.003306936630275666,0.003306936630275666,0.33069366302756664,0.33069366302756664,0.025437974079043586,39.31130666666667
5069,Eggs,1.5,1.0,1.0,"Egg, whole, boiled or poached",411.0,601.0,Cholesterol,MG,1.5,1.5,453.592,0.003306936630275666,0.003306936630275666,0.33069366302756664,0.33069366302756664,0.0008046074526218167,1242.84208
5070,Eggs,1.5,1.0,1.0,"Egg, whole, boiled or poached",0.0,573.0,"Vitamin E, added",MG,1.5,1.5,453.592,0.003306936630275666,0.003306936630275666,0.33069366302756664,0.33069366302756664,inf,0.0
5071,Eggs,1.5,1.0,1.0,"Egg, whole, boiled or poached",0.0,629.0,PUFA 20:5 n-3 (EPA),G,1.5,1.5,453.592,0.003306936630275666,0.003306936630275666,0.33069366302756664,0.33069366302756664,inf,0.0
5072,Eggs,1.5,1.0,1.0,"Egg, whole, boiled or poached",0.0,621.0,PUFA 22:6 n-3 (DHA),G,1.5,1.5,453.592,0.003306936630275666,0.003306936630275666,0.33069366302756664,0.33069366302756664,inf,0.0
5073,Eggs,1.5,1.0,1.0,"Egg, whole, boiled or poached",0.011,619.0,PUFA 18:3,G,1.5,1.5,453.592,0.003306936630275666,0.003306936630275666,0.33069366302756664,0.33069366302756664,30.063060275233333,0.03326341333333333
5074,Eggs,1.5,1.0,1.0,"Egg, whole, boiled or poached",0.0,401.0,"Vitamin C, total ascorbic acid",MG,1.5,1.5,453.592,0.003306936630275666,0.003306936630275666,0.33069366302756664,0.33069366302756664,inf,0.0
5075,Eggs,1.5,1.0,1.0,"Egg, whole, boiled or poached",0.0,406.0,Niacin,MG,1.5,1.5,453.592,0.003306936630275666,0.003306936630275666,0.33069366302756664,0.33069366302756664,inf,0.0
5076,Eggs,1.5,1.0,1.0,"Egg, whole, boiled or poached",0.0,608.0,SFA 6:0,G,1.5,1.5,453.592,0.003306936630275666,0.003306936630275666,0.33069366302756664,0.33069366302756664,inf,0.0
5077,Eggs,1.5,1.0,1.0,"Egg, whole, boiled or poached",2.5,328.0,Vitamin D (D2 + D3),UG,1.5,1.5,453.592,0.003306936630275666,0.003306936630275666,0.33069366302756664,0.33069366302756664,0.13227746521102665,7.559866666666666
5078,Black Beans,26.49,20.0,2.5,"Black beans, NFS",10.2,430.0,Vitamin K (phylloquinone),UG,1.3245,0.5297999999999999,9071.84,0.002920025044533413,0.0011680100178133653,0.2920025044533413,0.11680100178133652,0.011451078606013385,87.3280181200453
5079,Black Beans,26.49,20.0,2.5,"Black beans, NFS",0.0,607.0,SFA 4:0,G,1.3245,0.5297999999999999,9071.84,0.002920025044533413,0.0011680100178133653,0.2920025044533413,0.11680100178133652,inf,0.0
5080,Black Beans,26.49,20.0,2.5,"Black beans, NFS",0.0,620.0,PUFA 20:4,G,1.3245,0.5297999999999999,9071.84,0.002920025044533413,0.0011680100178133653,0.2920025044533413,0.11680100178133652,inf,0.0
5081,Black Beans,26.49,20.0,2.5,"Black beans, NFS",22.04,205.0,"Carbohydrate, by difference",G,1.3245,0.5297999999999999,9071.84,0.002920025044533413,0.0011680100178133653,0.2920025044533413,0.11680100178133652,0.005299500988263908,188.69701170252927
5082,Black Beans,26.49,20.0,2.5,"Black beans, NFS",0.0,611.0,SFA 12:0,G,1.3245,0.5297999999999999,9071.84,0.002920025044533413,0.0011680100178133653,0.2920025044533413,0.11680100178133652,inf,0.0
5083,Black Beans,26.49,20.0,2.5,"Black beans, NFS",0.0,319.0,Retinol,UG,1.3245,0.5297999999999999,9071.84,0.002920025044533413,0.0011680100178133653,0.2920025044533413,0.11680100178133652,inf,0.0
5084,Black Beans,26.49,20.0,2.5,"Black beans, NFS",0.0,610.0,SFA 10:0,G,1.3245,0.5297999999999999,9071.84,0.002920025044533413,0.0011680100178133653,0.2920025044533413,0.11680100178133652,inf,0.0
5085,Black Beans,26.49,20.0,2.5,"Black beans, NFS",0.0,578.0,"Vitamin B-12, added",UG,1.3245,0.5297999999999999,9071.84,0.002920025044533413,0.0011680100178133653,0.2920025044533413,0.11680100178133652,inf,0.0
5086,Black Beans,26.49,20.0,2.5,"Black beans, NFS",0.0,630.0,MUFA 22:1,G,1.3245,0.5297999999999999,9071.84,0.002920025044533413,0.0011680100178133653,0.2920025044533413,0.11680100178133652,inf,0.0
5087,Black Beans,26.49,20.0,2.5,"Black beans, NFS",0.197,614.0,SFA 18:0,G,1.3245,0.5297999999999999,9071.84,0.002920025044533413,0.0011680100178133653,0.2920025044533413,0.11680100178133652,0.5928984861996778,1.686629369573424
5088,Black Beans,26.49,20.0,2.5,"Black beans, NFS",130.0,305.0,"Phosphorus, P",MG,1.3245,0.5297999999999999,9071.84,0.002920025044533413,0.0011680100178133653,0.2920025044533413,0.11680100178133652,0.0008984692444718195,1113.0041525103813
5089,Black Beans,26.49,20.0,2.5,"Black beans, NFS",0.045,628.0,MUFA 20:1,G,1.3245,0.5297999999999999,9071.84,0.002920025044533413,0.0011680100178133653,0.2920025044533413,0.11680100178133652,2.595577817363034,0.38527066817667044
5090,Black Beans,26.49,20.0,2.5,"Black beans, NFS",30.3,421.0,"Choline, total",MG,1.3245,0.5297999999999999,9071.84,0.002920025044533413,0.0011680100178133653,0.2920025044533413,0.11680100178133652,0.003854818540638169,259.4155832389581
5091,Black Beans,26.49,20.0,2.5,"Black beans, NFS",132.0,432.0,"Folate, food",UG,1.3245,0.5297999999999999,9071.84,0.002920025044533413,0.0011680100178133653,0.2920025044533413,0.11680100178133652,0.0008848560741010343,1130.1272933182333
5092,Black Beans,26.49,20.0,2.5,"Black beans, NFS",330.0,306.0,"Potassium, K",MG,1.3245,0.5297999999999999,9071.84,0.002920025044533413,0.0011680100178133653,0.2920025044533413,0.11680100178133652,0.00035394242964041373,2825.3182332955835
5093,Black Beans,26.49,20.0,2.5,"Black beans, NFS",0.0,418.0,Vitamin B-12,UG,1.3245,0.5297999999999999,9071.84,0.002920025044533413,0.0011680100178133653,0.2920025044533413,0.11680100178133652,inf,0.0
5094,Black Beans,26.49,20.0,2.5,"Black beans, NFS",0.0,573.0,"Vitamin E, added",MG,1.3245,0.5297999999999999,9071.84,0.002920025044533413,0.0011680100178133653,0.2920025044533413,0.11680100178133652,inf,0.0
5095,Black Beans,26.49,20.0,2.5,"Black beans, NFS",1.86,323.0,Vitamin E (alpha-tocopherol),MG,1.3245,0.5297999999999999,9071.84,0.002920025044533413,0.0011680100178133653,0.2920025044533413,0.11680100178133652,0.0627962375168476,15.92452095130238
5096,Black Beans,26.49,20.0,2.5,"Black beans, NFS",0.0,401.0,"Vitamin C, total ascorbic acid",MG,1.3245,0.5297999999999999,9071.84,0.002920025044533413,0.0011680100178133653,0.2920025044533413,0.11680100178133652,inf,0.0
5097,Black Beans,26.49,20.0,2.5,"Black beans, NFS",0.446,406.0,Niacin,MG,1.3245,0.5297999999999999,9071.84,0.002920025044533413,0.0011680100178133653,0.2920025044533413,0.11680100178133652,0.26188565421824334,3.8184604001510007
5098,Black Beans,26.49,20.0,2.5,"Black beans, NFS",0.0,337.0,Lycopene,UG,1.3245,0.5297999999999999,9071.84,0.002920025044533413,0.0011680100178133653,0.2920025044533413,0.11680100178133652,inf,0.0
5099,Black Beans,26.49,20.0,2.5,"Black beans, NFS",2.595,617.0,MUFA 18:1,G,1.3245,0.5297999999999999,9071.84,0.002920025044533413,0.0011680100178133653,0.2920025044533413,0.11680100178133652,0.045010019954272264,22.217275198188
5100,Black Beans,26.49,20.0,2.5,"Black beans, NFS",0.0,621.0,PUFA 22:6 n-3 (DHA),G,1.3245,0.5297999999999999,9071.84,0.002920025044533413,0.0011680100178133653,0.2920025044533413,0.11680100178133652,inf,0.0
5101,Black Beans,26.49,20.0,2.5,"Black beans, NFS",0.0,608.0,SFA 6:0,G,1.3245,0.5297999999999999,9071.84,0.002920025044533413,0.0011680100178133653,0.2920025044533413,0.11680100178133652,inf,0.0
5102,Black Beans,26.49,20.0,2.5,"Black beans, NFS",61.1,255.0,Water,G,1.3245,0.5297999999999999,9071.84,0.002920025044533413,0.0011680100178133653,0.2920025044533413,0.11680100178133652,0.0019116366903655733,523.1119516798792
5103,Black Beans,26.49,20.0,2.5,"Black beans, NFS",1.1,317.0,"Selenium, Se",UG,1.3245,0.5297999999999999,9071.84,0.002920025044533413,0.0011680100178133653,0.2920025044533413,0.11680100178133652,0.1061827288921241,9.417727444318611
5104,Black Beans,26.49,20.0,2.5,"Black beans, NFS",0.0,609.0,SFA 8:0,G,1.3245,0.5297999999999999,9071.84,0.002920025044533413,0.0011680100178133653,0.2920025044533413,0.11680100178133652,inf,0.0
5105,Black Beans,26.49,20.0,2.5,"Black beans, NFS",0.052,405.0,Riboflavin,MG,1.3245,0.5297999999999999,9071.84,0.002920025044533413,0.0011680100178133653,0.2920025044533413,0.11680100178133652,2.246173111179549,0.44520166100415254
5106,Black Beans,26.49,20.0,2.5,"Black beans, NFS",0.0,627.0,PUFA 18:4,G,1.3245,0.5297999999999999,9071.84,0.002920025044533413,0.0011680100178133653,0.2920025044533413,0.11680100178133652,inf,0.0
5107,Black Beans,26.49,20.0,2.5,"Black beans, NFS",0.0,338.0,Lutein + zeaxanthin,UG,1.3245,0.5297999999999999,9071.84,0.002920025044533413,0.0011680100178133653,0.2920025044533413,0.11680100178133652,inf,0.0
5108,Black Beans,26.49,20.0,2.5,"Black beans, NFS",0.0,221.0,"Alcohol, ethyl",G,1.3245,0.5297999999999999,9071.84,0.002920025044533413,0.0011680100178133653,0.2920025044533413,0.11680100178133652,inf,0.0
5109,Black Beans,26.49,20.0,2.5,"Black beans, NFS",0.215,404.0,Thiamin,MG,1.3245,0.5297999999999999,9071.84,0.002920025044533413,0.0011680100178133653,0.2920025044533413,0.11680100178133652,0.5432604734015652,1.8407376368440922
5110,Black Beans,26.49,20.0,2.5,"Black beans, NFS",132.0,435.0,"Folate, DFE",UG,1.3245,0.5297999999999999,9071.84,0.002920025044533413,0.0011680100178133653,0.2920025044533413,0.11680100178133652,0.0008848560741010343,1130.1272933182333
5111,Black Beans,26.49,20.0,2.5,"Black beans, NFS",0.403,619.0,PUFA 18:3,G,1.3245,0.5297999999999999,9071.84,0.002920025044533413,0.0011680100178133653,0.2920025044533413,0.11680100178133652,0.28982878853929656,3.4503128727821823
5112,Black Beans,26.49,20.0,2.5,"Black beans, NFS",8.1,291.0,"Fiber, total dietary",G,1.3245,0.5297999999999999,9071.84,0.002920025044533413,0.0011680100178133653,0.2920025044533413,0.11680100178133652,0.014419876763127967,69.34872027180069
5113,Black Beans,26.49,20.0,2.5,"Black beans, NFS",1.018,606.0,"Fatty acids, total saturated",G,1.3245,0.5297999999999999,9071.84,0.002920025044533413,0.0011680100178133653,0.2920025044533413,0.11680100178133652,0.11473575813490818,8.71567867119668
5114,Black Beans,26.49,20.0,2.5,"Black beans, NFS",132.0,417.0,"Folate, total",UG,1.3245,0.5297999999999999,9071.84,0.002920025044533413,0.0011680100178133653,0.2920025044533413,0.11680100178133652,0.0008848560741010343,1130.1272933182333
5115,Black Beans,26.49,20.0,2.5,"Black beans, NFS",0.0,320.0,"Vitamin A, RAE",UG,1.3245,0.5297999999999999,9071.84,0.002920025044533413,0.0011680100178133653,0.2920025044533413,0.11680100178133652,inf,0.0
5116,Black Beans,26.49,20.0,2.5,"Black beans, NFS",1.96,303.0,"Iron, Fe",MG,1.3245,0.5297999999999999,9071.84,0.002920025044533413,0.0011680100178133653,0.2920025044533413,0.11680100178133652,0.05959234784762068,16.78067799169498
5117,Black Beans,26.49,20.0,2.5,"Black beans, NFS",2.427,618.0,PUFA 18:2,G,1.3245,0.5297999999999999,9071.84,0.002920025044533413,0.0011680100178133653,0.2920025044533413,0.11680100178133652,0.0481256702848523,20.778931370328426
5118,Black Beans,26.49,20.0,2.5,"Black beans, NFS",65.0,304.0,"Magnesium, Mg",MG,1.3245,0.5297999999999999,9071.84,0.002920025044533413,0.0011680100178133653,0.2920025044533413,0.11680100178133652,0.001796938488943639,556.5020762551907
5119,Black Beans,26.49,20.0,2.5,"Black beans, NFS",0.0,322.0,"Carotene, alpha",UG,1.3245,0.5297999999999999,9071.84,0.002920025044533413,0.0011680100178133653,0.2920025044533413,0.11680100178133652,inf,0.0
5120,Black Beans,26.49,20.0,2.5,"Black beans, NFS",0.0,334.0,"Cryptoxanthin, beta",UG,1.3245,0.5297999999999999,9071.84,0.002920025044533413,0.0011680100178133653,0.2920025044533413,0.11680100178133652,inf,0.0
5121,Black Beans,26.49,20.0,2.5,"Black beans, NFS",0.764,613.0,SFA 16:0,G,1.3245,0.5297999999999999,9071.84,0.002920025044533413,0.0011680100178133653,0.2920025044533413,0.11680100178133652,0.15288089238394834,6.5410397885994715
5122,Black Beans,26.49,20.0,2.5,"Black beans, NFS",0.0,601.0,Cholesterol,MG,1.3245,0.5297999999999999,9071.84,0.002920025044533413,0.0011680100178133653,0.2920025044533413,0.11680100178133652,inf,0.0
5123,Black Beans,26.49,20.0,2.5,"Black beans, NFS",7.01,204.0,Total lipid (fat),G,1.3245,0.5297999999999999,9071.84,0.002920025044533413,0.0011680100178133653,0.2920025044533413,0.11680100178133652,0.016662054462387523,60.01660853152133
5124,Black Beans,26.49,20.0,2.5,"Black beans, NFS",0.0,629.0,PUFA 20:5 n-3 (EPA),G,1.3245,0.5297999999999999,9071.84,0.002920025044533413,0.0011680100178133653,0.2920025044533413,0.11680100178133652,inf,0.0
5125,Black Beans,26.49,20.0,2.5,"Black beans, NFS",0.0,631.0,PUFA 22:5 n-3 (DPA),G,1.3245,0.5297999999999999,9071.84,0.002920025044533413,0.0011680100178133653,0.2920025044533413,0.11680100178133652,inf,0.0
5126,Black Beans,26.49,20.0,2.5,"Black beans, NFS",181.0,208.0,Energy,KCAL,1.3245,0.5297999999999999,9071.84,0.002920025044533413,0.0011680100178133653,0.2920025044533413,0.11680100178133652,0.0006453094021068316,1549.644243110608
5127,Black Beans,26.49,20.0,2.5,"Black beans, NFS",0.3,269.0,"Sugars, Total",G,1.3245,0.5297999999999999,9071.84,0.002920025044533413,0.0011680100178133653,0.2920025044533413,0.11680100178133652,0.3893366726044551,2.568471121177803
5128,Black Beans,26.49,20.0,2.5,"Black beans, NFS",2.833,646.0,"Fatty acids, total polyunsaturated",G,1.3245,0.5297999999999999,9071.84,0.002920025044533413,0.0011680100178133653,0.2920025044533413,0.11680100178133652,0.041228733420874165,24.254928954322388
5129,Black Beans,26.49,20.0,2.5,"Black beans, NFS",0.0,321.0,"Carotene, beta",UG,1.3245,0.5297999999999999,9071.84,0.002920025044533413,0.0011680100178133653,0.2920025044533413,0.11680100178133652,inf,0.0
5130,Black Beans,26.49,20.0,2.5,"Black beans, NFS",0.0,431.0,Folic acid,UG,1.3245,0.5297999999999999,9071.84,0.002920025044533413,0.0011680100178133653,0.2920025044533413,0.11680100178133652,inf,0.0
5131,Black Beans,26.49,20.0,2.5,"Black beans, NFS",0.0,263.0,Theobromine,MG,1.3245,0.5297999999999999,9071.84,0.002920025044533413,0.0011680100178133653,0.2920025044533413,0.11680100178133652,inf,0.0
5132,Black Beans,26.49,20.0,2.5,"Black beans, NFS",0.0,262.0,Caffeine,MG,1.3245,0.5297999999999999,9071.84,0.002920025044533413,0.0011680100178133653,0.2920025044533413,0.11680100178133652,inf,0.0
5133,Black Beans,26.49,20.0,2.5,"Black beans, NFS",2.666,645.0,"Fatty acids, total monounsaturated",G,1.3245,0.5297999999999999,9071.84,0.002920025044533413,0.0011680100178133653,0.2920025044533413,0.11680100178133652,0.04381132850012623,22.825146696866742
5134,Black Beans,26.49,20.0,2.5,"Black beans, NFS",8.23,203.0,Protein,G,1.3245,0.5297999999999999,9071.84,0.002920025044533413,0.0011680100178133653,0.2920025044533413,0.11680100178133652,0.0141921022820579,70.46172442431107
5135,Black Beans,26.49,20.0,2.5,"Black beans, NFS",0.061,415.0,Vitamin B-6,MG,1.3245,0.5297999999999999,9071.84,0.002920025044533413,0.0011680100178133653,0.2920025044533413,0.11680100178133652,1.9147705210055168,0.5222557946394866
5136,Black Beans,26.49,20.0,2.5,"Black beans, NFS",25.0,301.0,"Calcium, Ca",MG,1.3245,0.5297999999999999,9071.84,0.002920025044533413,0.0011680100178133653,0.2920025044533413,0.11680100178133652,0.004672040071253461,214.03926009815027
5137,Black Beans,26.49,20.0,2.5,"Black beans, NFS",217.0,307.0,"Sodium, Na",MG,1.3245,0.5297999999999999,9071.84,0.002920025044533413,0.0011680100178133653,0.2920025044533413,0.11680100178133652,0.0005382534644301222,1857.8607776519443
5138,Black Beans,26.49,20.0,2.5,"Black beans, NFS",0.0,328.0,Vitamin D (D2 + D3),UG,1.3245,0.5297999999999999,9071.84,0.002920025044533413,0.0011680100178133653,0.2920025044533413,0.11680100178133652,inf,0.0
5139,Black Beans,26.49,20.0,2.5,"Black beans, NFS",1.04,309.0,"Zinc, Zn",MG,1.3245,0.5297999999999999,9071.84,0.002920025044533413,0.0011680100178133653,0.2920025044533413,0.11680100178133652,0.11230865555897743,8.90403322008305
5140,Black Beans,26.49,20.0,2.5,"Black beans, NFS",0.023,626.0,MUFA 16:1,G,1.3245,0.5297999999999999,9071.84,0.002920025044533413,0.0011680100178133653,0.2920025044533413,0.11680100178133652,5.078304425275501,0.19691611929029823
5141,Black Beans,26.49,20.0,2.5,"Black beans, NFS",0.003,612.0,SFA 14:0,G,1.3245,0.5297999999999999,9071.84,0.002920025044533413,0.0011680100178133653,0.2920025044533413,0.11680100178133652,38.93366726044551,0.02568471121177803
5142,Black Beans,26.49,20.0,2.5,"Black beans, NFS",0.194,312.0,"Copper, Cu",MG,1.3245,0.5297999999999999,9071.84,0.002920025044533413,0.0011680100178133653,0.2920025044533413,0.11680100178133652,0.6020670194914254,1.660944658361646
5143,White Beans,31.99,20.0,2.5,"White beans, NFS",0.082,415.0,Vitamin B-6,MG,1.5995,0.6397999999999999,9071.84,0.003526296760083952,0.001410518704033581,0.3526296760083952,0.1410518704033581,1.720144761016562,0.5813464207564863
5144,White Beans,31.99,20.0,2.5,"White beans, NFS",84.0,301.0,"Calcium, Ca",MG,1.5995,0.6397999999999999,9071.84,0.003526296760083952,0.001410518704033581,0.3526296760083952,0.1410518704033581,0.0016791889333733106,595.525601750547
5145,White Beans,31.99,20.0,2.5,"White beans, NFS",0.267,312.0,"Copper, Cu",MG,1.5995,0.6397999999999999,9071.84,0.003526296760083952,0.001410518704033581,0.3526296760083952,0.1410518704033581,0.5282841588140752,1.892920662707096
5146,White Beans,31.99,20.0,2.5,"White beans, NFS",0.0,263.0,Theobromine,MG,1.5995,0.6397999999999999,9071.84,0.003526296760083952,0.001410518704033581,0.3526296760083952,0.1410518704033581,inf,0.0
5147,White Beans,31.99,20.0,2.5,"White beans, NFS",0.0,578.0,"Vitamin B-12, added",UG,1.5995,0.6397999999999999,9071.84,0.003526296760083952,0.001410518704033581,0.3526296760083952,0.1410518704033581,inf,0.0
5148,White Beans,31.99,20.0,2.5,"White beans, NFS",32.6,421.0,"Choline, total",MG,1.5995,0.6397999999999999,9071.84,0.003526296760083952,0.001410518704033581,0.3526296760083952,0.1410518704033581,0.004326744490900555,231.1206502031885
5149,White Beans,31.99,20.0,2.5,"White beans, NFS",2.652,645.0,"Fatty acids, total monounsaturated",G,1.5995,0.6397999999999999,9071.84,0.003526296760083952,0.001410518704033581,0.3526296760083952,0.1410518704033581,0.05318697979010486,18.801593998124414
5150,White Beans,31.99,20.0,2.5,"White beans, NFS",0.0,328.0,Vitamin D (D2 + D3),UG,1.5995,0.6397999999999999,9071.84,0.003526296760083952,0.001410518704033581,0.3526296760083952,0.1410518704033581,inf,0.0
5151,White Beans,31.99,20.0,2.5,"White beans, NFS",0.0,401.0,"Vitamin C, total ascorbic acid",MG,1.5995,0.6397999999999999,9071.84,0.003526296760083952,0.001410518704033581,0.3526296760083952,0.1410518704033581,inf,0.0
5152,White Beans,31.99,20.0,2.5,"White beans, NFS",0.0,322.0,"Carotene, alpha",UG,1.5995,0.6397999999999999,9071.84,0.003526296760083952,0.001410518704033581,0.3526296760083952,0.1410518704033581,inf,0.0
5153,White Beans,31.99,20.0,2.5,"White beans, NFS",3.45,303.0,"Iron, Fe",MG,1.5995,0.6397999999999999,9071.84,0.003526296760083952,0.001410518704033581,0.3526296760083952,0.1410518704033581,0.04088460011691539,24.45908721475461
5154,White Beans,31.99,20.0,2.5,"White beans, NFS",0.722,613.0,SFA 16:0,G,1.5995,0.6397999999999999,9071.84,0.003526296760083952,0.001410518704033581,0.3526296760083952,0.1410518704033581,0.19536270138969267,5.118684338855892
5155,White Beans,31.99,20.0,2.5,"White beans, NFS",23.32,205.0,"Carbohydrate, by difference",G,1.5995,0.6397999999999999,9071.84,0.003526296760083952,0.001410518704033581,0.3526296760083952,0.1410518704033581,0.006048536466696316,165.3292503907471
5156,White Beans,31.99,20.0,2.5,"White beans, NFS",221.0,307.0,"Sodium, Na",MG,1.5995,0.6397999999999999,9071.84,0.003526296760083952,0.001410518704033581,0.3526296760083952,0.1410518704033581,0.0006382437574812583,1566.7994998437011
5157,White Beans,31.99,20.0,2.5,"White beans, NFS",1.2,317.0,"Selenium, Se",UG,1.5995,0.6397999999999999,9071.84,0.003526296760083952,0.001410518704033581,0.3526296760083952,0.1410518704033581,0.11754322533613175,8.507508596436386
5158,White Beans,31.99,20.0,2.5,"White beans, NFS",0.0,631.0,PUFA 22:5 n-3 (DPA),G,1.5995,0.6397999999999999,9071.84,0.003526296760083952,0.001410518704033581,0.3526296760083952,0.1410518704033581,inf,0.0
5159,White Beans,31.99,20.0,2.5,"White beans, NFS",0.124,406.0,Niacin,MG,1.5995,0.6397999999999999,9071.84,0.003526296760083952,0.001410518704033581,0.3526296760083952,0.1410518704033581,1.1375150838980492,0.8791092216317599
5160,White Beans,31.99,20.0,2.5,"White beans, NFS",6.83,204.0,Total lipid (fat),G,1.5995,0.6397999999999999,9071.84,0.003526296760083952,0.001410518704033581,0.3526296760083952,0.1410518704033581,0.020651811186436032,48.421903094717095
5161,White Beans,31.99,20.0,2.5,"White beans, NFS",0.0,320.0,"Vitamin A, RAE",UG,1.5995,0.6397999999999999,9071.84,0.003526296760083952,0.001410518704033581,0.3526296760083952,0.1410518704033581,inf,0.0
5162,White Beans,31.99,20.0,2.5,"White beans, NFS",0.0,601.0,Cholesterol,MG,1.5995,0.6397999999999999,9071.84,0.003526296760083952,0.001410518704033581,0.3526296760083952,0.1410518704033581,inf,0.0
5163,White Beans,31.99,20.0,2.5,"White beans, NFS",0.0,418.0,Vitamin B-12,UG,1.5995,0.6397999999999999,9071.84,0.003526296760083952,0.001410518704033581,0.3526296760083952,0.1410518704033581,inf,0.0
5164,White Beans,31.99,20.0,2.5,"White beans, NFS",59.0,304.0,"Magnesium, Mg",MG,1.5995,0.6397999999999999,9071.84,0.003526296760083952,0.001410518704033581,0.3526296760083952,0.1410518704033581,0.002390709667853527,418.285839324789
5165,White Beans,31.99,20.0,2.5,"White beans, NFS",0.0,609.0,SFA 8:0,G,1.5995,0.6397999999999999,9071.84,0.003526296760083952,0.001410518704033581,0.3526296760083952,0.1410518704033581,inf,0.0
5166,White Beans,31.99,20.0,2.5,"White beans, NFS",0.0,608.0,SFA 6:0,G,1.5995,0.6397999999999999,9071.84,0.003526296760083952,0.001410518704033581,0.3526296760083952,0.1410518704033581,inf,0.0
5167,White Beans,31.99,20.0,2.5,"White beans, NFS",0.104,404.0,Thiamin,MG,1.5995,0.6397999999999999,9071.84,0.003526296760083952,0.001410518704033581,0.3526296760083952,0.1410518704033581,1.356267984647674,0.7373174116911534
5168,White Beans,31.99,20.0,2.5,"White beans, NFS",0.0,334.0,"Cryptoxanthin, beta",UG,1.5995,0.6397999999999999,9071.84,0.003526296760083952,0.001410518704033581,0.3526296760083952,0.1410518704033581,inf,0.0
5169,White Beans,31.99,20.0,2.5,"White beans, NFS",0.0,620.0,PUFA 20:4,G,1.5995,0.6397999999999999,9071.84,0.003526296760083952,0.001410518704033581,0.3526296760083952,0.1410518704033581,inf,0.0
5170,White Beans,31.99,20.0,2.5,"White beans, NFS",0.973,606.0,"Fatty acids, total saturated",G,1.5995,0.6397999999999999,9071.84,0.003526296760083952,0.001410518704033581,0.3526296760083952,0.1410518704033581,0.14496595108258797,6.898171553610503
5171,White Beans,31.99,20.0,2.5,"White beans, NFS",0.0,611.0,SFA 12:0,G,1.5995,0.6397999999999999,9071.84,0.003526296760083952,0.001410518704033581,0.3526296760083952,0.1410518704033581,inf,0.0
5172,White Beans,31.99,20.0,2.5,"White beans, NFS",0.045,628.0,MUFA 20:1,G,1.5995,0.6397999999999999,9071.84,0.003526296760083952,0.001410518704033581,0.3526296760083952,0.1410518704033581,3.1344860089635134,0.3190315723663645
5173,White Beans,31.99,20.0,2.5,"White beans, NFS",0.0,627.0,PUFA 18:4,G,1.5995,0.6397999999999999,9071.84,0.003526296760083952,0.001410518704033581,0.3526296760083952,0.1410518704033581,inf,0.0
5174,White Beans,31.99,20.0,2.5,"White beans, NFS",2.388,618.0,PUFA 18:2,G,1.5995,0.6397999999999999,9071.84,0.003526296760083952,0.001410518704033581,0.3526296760083952,0.1410518704033581,0.05906694740509133,16.929942106908406
5175,White Beans,31.99,20.0,2.5,"White beans, NFS",1.93,323.0,Vitamin E (alpha-tocopherol),MG,1.5995,0.6397999999999999,9071.84,0.003526296760083952,0.001410518704033581,0.3526296760083952,0.1410518704033581,0.07308387067531508,13.68290965926852
5176,White Beans,31.99,20.0,2.5,"White beans, NFS",0.0,262.0,Caffeine,MG,1.5995,0.6397999999999999,9071.84,0.003526296760083952,0.001410518704033581,0.3526296760083952,0.1410518704033581,inf,0.0
5177,White Beans,31.99,20.0,2.5,"White beans, NFS",0.0,630.0,MUFA 22:1,G,1.5995,0.6397999999999999,9071.84,0.003526296760083952,0.001410518704033581,0.3526296760083952,0.1410518704033581,inf,0.0
5178,White Beans,31.99,20.0,2.5,"White beans, NFS",72.0,432.0,"Folate, food",UG,1.5995,0.6397999999999999,9071.84,0.003526296760083952,0.001410518704033581,0.3526296760083952,0.1410518704033581,0.001959053755602196,510.45051578618313
5179,White Beans,31.99,20.0,2.5,"White beans, NFS",72.0,435.0,"Folate, DFE",UG,1.5995,0.6397999999999999,9071.84,0.003526296760083952,0.001410518704033581,0.3526296760083952,0.1410518704033581,0.001959053755602196,510.45051578618313
5180,White Beans,31.99,20.0,2.5,"White beans, NFS",0.0,629.0,PUFA 20:5 n-3 (EPA),G,1.5995,0.6397999999999999,9071.84,0.003526296760083952,0.001410518704033581,0.3526296760083952,0.1410518704033581,inf,0.0
5181,White Beans,31.99,20.0,2.5,"White beans, NFS",0.0,337.0,Lycopene,UG,1.5995,0.6397999999999999,9071.84,0.003526296760083952,0.001410518704033581,0.3526296760083952,0.1410518704033581,inf,0.0
5182,White Beans,31.99,20.0,2.5,"White beans, NFS",5.9,291.0,"Fiber, total dietary",G,1.5995,0.6397999999999999,9071.84,0.003526296760083952,0.001410518704033581,0.3526296760083952,0.1410518704033581,0.02390709667853527,41.8285839324789
5183,White Beans,31.99,20.0,2.5,"White beans, NFS",2.58,617.0,MUFA 18:1,G,1.5995,0.6397999999999999,9071.84,0.003526296760083952,0.001410518704033581,0.3526296760083952,0.1410518704033581,0.05467126759820081,18.29114348233823
5184,White Beans,31.99,20.0,2.5,"White beans, NFS",0.0,319.0,Retinol,UG,1.5995,0.6397999999999999,9071.84,0.003526296760083952,0.001410518704033581,0.3526296760083952,0.1410518704033581,inf,0.0
5185,White Beans,31.99,20.0,2.5,"White beans, NFS",0.369,619.0,PUFA 18:3,G,1.5995,0.6397999999999999,9071.84,0.003526296760083952,0.001410518704033581,0.3526296760083952,0.1410518704033581,0.38225439133701383,2.6160588934041886
5186,White Beans,31.99,20.0,2.5,"White beans, NFS",105.0,305.0,"Phosphorus, P",MG,1.5995,0.6397999999999999,9071.84,0.003526296760083952,0.001410518704033581,0.3526296760083952,0.1410518704033581,0.0013433511466986485,744.4070021881838
5187,White Beans,31.99,20.0,2.5,"White beans, NFS",0.32,269.0,"Sugars, Total",G,1.5995,0.6397999999999999,9071.84,0.003526296760083952,0.001410518704033581,0.3526296760083952,0.1410518704033581,0.440787095010494,2.268668959049703
5188,White Beans,31.99,20.0,2.5,"White beans, NFS",0.0,221.0,"Alcohol, ethyl",G,1.5995,0.6397999999999999,9071.84,0.003526296760083952,0.001410518704033581,0.3526296760083952,0.1410518704033581,inf,0.0
5189,White Beans,31.99,20.0,2.5,"White beans, NFS",0.0,573.0,"Vitamin E, added",MG,1.5995,0.6397999999999999,9071.84,0.003526296760083952,0.001410518704033581,0.3526296760083952,0.1410518704033581,inf,0.0
5190,White Beans,31.99,20.0,2.5,"White beans, NFS",0.0,621.0,PUFA 22:6 n-3 (DHA),G,1.5995,0.6397999999999999,9071.84,0.003526296760083952,0.001410518704033581,0.3526296760083952,0.1410518704033581,inf,0.0
5191,White Beans,31.99,20.0,2.5,"White beans, NFS",0.194,614.0,SFA 18:0,G,1.5995,0.6397999999999999,9071.84,0.003526296760083952,0.001410518704033581,0.3526296760083952,0.1410518704033581,0.7270714969245262,1.3753805564238824
5192,White Beans,31.99,20.0,2.5,"White beans, NFS",0.023,626.0,MUFA 16:1,G,1.5995,0.6397999999999999,9071.84,0.003526296760083952,0.001410518704033581,0.3526296760083952,0.1410518704033581,6.132690017537309,0.16306058143169738
5193,White Beans,31.99,20.0,2.5,"White beans, NFS",0.003,612.0,SFA 14:0,G,1.5995,0.6397999999999999,9071.84,0.003526296760083952,0.001410518704033581,0.3526296760083952,0.1410518704033581,47.01729013445269,0.021268771491090965
5194,White Beans,31.99,20.0,2.5,"White beans, NFS",72.0,417.0,"Folate, total",UG,1.5995,0.6397999999999999,9071.84,0.003526296760083952,0.001410518704033581,0.3526296760083952,0.1410518704033581,0.001959053755602196,510.45051578618313
5195,White Beans,31.99,20.0,2.5,"White beans, NFS",0.0,321.0,"Carotene, beta",UG,1.5995,0.6397999999999999,9071.84,0.003526296760083952,0.001410518704033581,0.3526296760083952,0.1410518704033581,inf,0.0
5196,White Beans,31.99,20.0,2.5,"White beans, NFS",188.0,208.0,Energy,KCAL,1.5995,0.6397999999999999,9071.84,0.003526296760083952,0.001410518704033581,0.3526296760083952,0.1410518704033581,0.0007502759064008409,1332.8430134417004
5197,White Beans,31.99,20.0,2.5,"White beans, NFS",58.63,255.0,Water,G,1.5995,0.6397999999999999,9071.84,0.003526296760083952,0.001410518704033581,0.3526296760083952,0.1410518704033581,0.0024057968685546323,415.66269084088776
5198,White Beans,31.99,20.0,2.5,"White beans, NFS",0.0,431.0,Folic acid,UG,1.5995,0.6397999999999999,9071.84,0.003526296760083952,0.001410518704033581,0.3526296760083952,0.1410518704033581,inf,0.0
5199,White Beans,31.99,20.0,2.5,"White beans, NFS",1.28,309.0,"Zinc, Zn",MG,1.5995,0.6397999999999999,9071.84,0.003526296760083952,0.001410518704033581,0.3526296760083952,0.1410518704033581,0.1101967737526235,9.074675836198812
5200,White Beans,31.99,20.0,2.5,"White beans, NFS",0.0,607.0,SFA 4:0,G,1.5995,0.6397999999999999,9071.84,0.003526296760083952,0.001410518704033581,0.3526296760083952,0.1410518704033581,inf,0.0
5201,White Beans,31.99,20.0,2.5,"White beans, NFS",521.0,306.0,"Potassium, K",MG,1.5995,0.6397999999999999,9071.84,0.003526296760083952,0.001410518704033581,0.3526296760083952,0.1410518704033581,0.00027073295662832645,3693.6766489527977
5202,White Beans,31.99,20.0,2.5,"White beans, NFS",0.0,338.0,Lutein + zeaxanthin,UG,1.5995,0.6397999999999999,9071.84,0.003526296760083952,0.001410518704033581,0.3526296760083952,0.1410518704033581,inf,0.0
5203,White Beans,31.99,20.0,2.5,"White beans, NFS",0.041,405.0,Riboflavin,MG,1.5995,0.6397999999999999,9071.84,0.003526296760083952,0.001410518704033581,0.3526296760083952,0.1410518704033581,3.440289522033124,0.2906732103782432
5204,White Beans,31.99,20.0,2.5,"White beans, NFS",0.0,610.0,SFA 10:0,G,1.5995,0.6397999999999999,9071.84,0.003526296760083952,0.001410518704033581,0.3526296760083952,0.1410518704033581,inf,0.0
5205,White Beans,31.99,20.0,2.5,"White beans, NFS",10.4,430.0,Vitamin K (phylloquinone),UG,1.5995,0.6397999999999999,9071.84,0.003526296760083952,0.001410518704033581,0.3526296760083952,0.1410518704033581,0.013562679846476739,73.73174116911535
5206,White Beans,31.99,20.0,2.5,"White beans, NFS",2.76,646.0,"Fatty acids, total polyunsaturated",G,1.5995,0.6397999999999999,9071.84,0.003526296760083952,0.001410518704033581,0.3526296760083952,0.1410518704033581,0.05110575014614424,19.567269771803687
5207,White Beans,31.99,20.0,2.5,"White beans, NFS",9.04,203.0,Protein,G,1.5995,0.6397999999999999,9071.84,0.003526296760083952,0.001410518704033581,0.3526296760083952,0.1410518704033581,0.015603083009221029,64.0898980931541
5208,Kidney Beans,28.99,20.0,2.5,"Kidney beans, NFS",115.0,432.0,"Folate, food",UG,1.4495,0.5798,9071.84,0.003195603097056385,0.0012782412388225542,0.3195603097056385,0.12782412388225542,0.0011115141207152645,899.6736805795101
5209,Kidney Beans,28.99,20.0,2.5,"Kidney beans, NFS",0.197,614.0,SFA 18:0,G,1.4495,0.5798,9071.84,0.003195603097056385,0.0012782412388225542,0.3195603097056385,0.12782412388225542,0.6488534207221087,1.5411801310796827
5210,Kidney Beans,28.99,20.0,2.5,"Kidney beans, NFS",8.06,203.0,Protein,G,1.4495,0.5798,9071.84,0.003195603097056385,0.0012782412388225542,0.3195603097056385,0.12782412388225542,0.015859072441967173,63.055390134529155
5211,Kidney Beans,28.99,20.0,2.5,"Kidney beans, NFS",0.956,606.0,"Fatty acids, total saturated",G,1.4495,0.5798,9071.84,0.003195603097056385,0.0012782412388225542,0.3195603097056385,0.12782412388225542,0.1337072425546605,7.479026422904449
5212,Kidney Beans,28.99,20.0,2.5,"Kidney beans, NFS",2.74,303.0,"Iron, Fe",MG,1.4495,0.5798,9071.84,0.003195603097056385,0.0012782412388225542,0.3195603097056385,0.12782412388225542,0.046651140103012925,21.435703345981374
5213,Kidney Beans,28.99,20.0,2.5,"Kidney beans, NFS",28.4,421.0,"Choline, total",MG,1.4495,0.5798,9071.84,0.003195603097056385,0.0012782412388225542,0.3195603097056385,0.12782412388225542,0.004500849432473783,222.18028285615728
5214,Kidney Beans,28.99,20.0,2.5,"Kidney beans, NFS",0.0,221.0,"Alcohol, ethyl",G,1.4495,0.5798,9071.84,0.003195603097056385,0.0012782412388225542,0.3195603097056385,0.12782412388225542,inf,0.0
5215,Kidney Beans,28.99,20.0,2.5,"Kidney beans, NFS",0.0,337.0,Lycopene,UG,1.4495,0.5798,9071.84,0.003195603097056385,0.0012782412388225542,0.3195603097056385,0.12782412388225542,inf,0.0
5216,Kidney Beans,28.99,20.0,2.5,"Kidney beans, NFS",0.0,601.0,Cholesterol,MG,1.4495,0.5798,9071.84,0.003195603097056385,0.0012782412388225542,0.3195603097056385,0.12782412388225542,inf,0.0
5217,Kidney Beans,28.99,20.0,2.5,"Kidney beans, NFS",0.023,626.0,MUFA 16:1,G,1.4495,0.5798,9071.84,0.003195603097056385,0.0012782412388225542,0.3195603097056385,0.12782412388225542,5.557570603576322,0.17993473611590202
5218,Kidney Beans,28.99,20.0,2.5,"Kidney beans, NFS",0.0,431.0,Folic acid,UG,1.4495,0.5798,9071.84,0.003195603097056385,0.0012782412388225542,0.3195603097056385,0.12782412388225542,inf,0.0
5219,Kidney Beans,28.99,20.0,2.5,"Kidney beans, NFS",115.0,417.0,"Folate, total",UG,1.4495,0.5798,9071.84,0.003195603097056385,0.0012782412388225542,0.3195603097056385,0.12782412388225542,0.0011115141207152645,899.6736805795101
5220,Kidney Beans,28.99,20.0,2.5,"Kidney beans, NFS",62.21,255.0,Water,G,1.4495,0.5798,9071.84,0.003195603097056385,0.0012782412388225542,0.3195603097056385,0.12782412388225542,0.002054719882370285,486.6843449465333
5221,Kidney Beans,28.99,20.0,2.5,"Kidney beans, NFS",0.0,627.0,PUFA 18:4,G,1.4495,0.5798,9071.84,0.003195603097056385,0.0012782412388225542,0.3195603097056385,0.12782412388225542,inf,0.0
5222,Kidney Beans,28.99,20.0,2.5,"Kidney beans, NFS",21.19,205.0,"Carbohydrate, by difference",G,1.4495,0.5798,9071.84,0.003195603097056385,0.0012782412388225542,0.3195603097056385,0.12782412388225542,0.006032285223324937,165.7746547085202
5223,Kidney Beans,28.99,20.0,2.5,"Kidney beans, NFS",0.0,573.0,"Vitamin E, added",MG,1.4495,0.5798,9071.84,0.003195603097056385,0.0012782412388225542,0.3195603097056385,0.12782412388225542,inf,0.0
5224,Kidney Beans,28.99,20.0,2.5,"Kidney beans, NFS",0.0,418.0,Vitamin B-12,UG,1.4495,0.5798,9071.84,0.003195603097056385,0.0012782412388225542,0.3195603097056385,0.12782412388225542,inf,0.0
5225,Kidney Beans,28.99,20.0,2.5,"Kidney beans, NFS",0.0,263.0,Theobromine,MG,1.4495,0.5798,9071.84,0.003195603097056385,0.0012782412388225542,0.3195603097056385,0.12782412388225542,inf,0.0
5226,Kidney Beans,28.99,20.0,2.5,"Kidney beans, NFS",0.0,578.0,"Vitamin B-12, added",UG,1.4495,0.5798,9071.84,0.003195603097056385,0.0012782412388225542,0.3195603097056385,0.12782412388225542,inf,0.0
5227,Kidney Beans,28.99,20.0,2.5,"Kidney beans, NFS",6.97,204.0,Total lipid (fat),G,1.4495,0.5798,9071.84,0.003195603097056385,0.0012782412388225542,0.3195603097056385,0.12782412388225542,0.018339185635904653,54.52804829251466
5228,Kidney Beans,28.99,20.0,2.5,"Kidney beans, NFS",1.08,323.0,Vitamin E (alpha-tocopherol),MG,1.4495,0.5798,9071.84,0.003195603097056385,0.0012782412388225542,0.3195603097056385,0.12782412388225542,0.1183556702613476,8.449109348051053
5229,Kidney Beans,28.99,20.0,2.5,"Kidney beans, NFS",2.41,618.0,PUFA 18:2,G,1.4495,0.5798,9071.84,0.003195603097056385,0.0012782412388225542,0.3195603097056385,0.12782412388225542,0.053039055552803076,18.854031045187998
5230,Kidney Beans,28.99,20.0,2.5,"Kidney beans, NFS",0.0,630.0,MUFA 22:1,G,1.4495,0.5798,9071.84,0.003195603097056385,0.0012782412388225542,0.3195603097056385,0.12782412388225542,inf,0.0
5231,Kidney Beans,28.99,20.0,2.5,"Kidney beans, NFS",0.225,312.0,"Copper, Cu",MG,1.4495,0.5798,9071.84,0.003195603097056385,0.0012782412388225542,0.3195603097056385,0.12782412388225542,0.5681072172544686,1.7602311141773026
5232,Kidney Beans,28.99,20.0,2.5,"Kidney beans, NFS",0.0,629.0,PUFA 20:5 n-3 (EPA),G,1.4495,0.5798,9071.84,0.003195603097056385,0.0012782412388225542,0.3195603097056385,0.12782412388225542,inf,0.0
5233,Kidney Beans,28.99,20.0,2.5,"Kidney beans, NFS",0.003,612.0,SFA 14:0,G,1.4495,0.5798,9071.84,0.003195603097056385,0.0012782412388225542,0.3195603097056385,0.12782412388225542,42.60804129408514,0.0234697481890307
5234,Kidney Beans,28.99,20.0,2.5,"Kidney beans, NFS",375.0,306.0,"Potassium, K",MG,1.4495,0.5798,9071.84,0.003195603097056385,0.0012782412388225542,0.3195603097056385,0.12782412388225542,0.0003408643303526811,2933.7185236288374
5235,Kidney Beans,28.99,20.0,2.5,"Kidney beans, NFS",0.0,321.0,"Carotene, beta",UG,1.4495,0.5798,9071.84,0.003195603097056385,0.0012782412388225542,0.3195603097056385,0.12782412388225542,inf,0.0
5236,Kidney Beans,28.99,20.0,2.5,"Kidney beans, NFS",0.0,609.0,SFA 8:0,G,1.4495,0.5798,9071.84,0.003195603097056385,0.0012782412388225542,0.3195603097056385,0.12782412388225542,inf,0.0
5237,Kidney Beans,28.99,20.0,2.5,"Kidney beans, NFS",1.0,309.0,"Zinc, Zn",MG,1.4495,0.5798,9071.84,0.003195603097056385,0.0012782412388225542,0.3195603097056385,0.12782412388225542,0.12782412388225542,7.8232493963435665
5238,Kidney Beans,28.99,20.0,2.5,"Kidney beans, NFS",0.0,611.0,SFA 12:0,G,1.4495,0.5798,9071.84,0.003195603097056385,0.0012782412388225542,0.3195603097056385,0.12782412388225542,inf,0.0
5239,Kidney Beans,28.99,20.0,2.5,"Kidney beans, NFS",6.9,291.0,"Fiber, total dietary",G,1.4495,0.5798,9071.84,0.003195603097056385,0.0012782412388225542,0.3195603097056385,0.12782412388225542,0.018525235345254406,53.98042083477061
5240,Kidney Beans,28.99,20.0,2.5,"Kidney beans, NFS",42.0,304.0,"Magnesium, Mg",MG,1.4495,0.5798,9071.84,0.003195603097056385,0.0012782412388225542,0.3195603097056385,0.12782412388225542,0.0030434315210060812,328.5764746464298
5241,Kidney Beans,28.99,20.0,2.5,"Kidney beans, NFS",132.0,305.0,"Phosphorus, P",MG,1.4495,0.5798,9071.84,0.003195603097056385,0.0012782412388225542,0.3195603097056385,0.12782412388225542,0.0009683645748655714,1032.6689203173507
5242,Kidney Beans,28.99,20.0,2.5,"Kidney beans, NFS",0.0,610.0,SFA 10:0,G,1.4495,0.5798,9071.84,0.003195603097056385,0.0012782412388225542,0.3195603097056385,0.12782412388225542,inf,0.0
5243,Kidney Beans,28.99,20.0,2.5,"Kidney beans, NFS",0.0,319.0,Retinol,UG,1.4495,0.5798,9071.84,0.003195603097056385,0.0012782412388225542,0.3195603097056385,0.12782412388225542,inf,0.0
5244,Kidney Beans,28.99,20.0,2.5,"Kidney beans, NFS",0.461,619.0,PUFA 18:3,G,1.4495,0.5798,9071.84,0.003195603097056385,0.0012782412388225542,0.3195603097056385,0.12782412388225542,0.2772757567944803,3.6065179717143843
5245,Kidney Beans,28.99,20.0,2.5,"Kidney beans, NFS",0.0,608.0,SFA 6:0,G,1.4495,0.5798,9071.84,0.003195603097056385,0.0012782412388225542,0.3195603097056385,0.12782412388225542,inf,0.0
5246,Kidney Beans,28.99,20.0,2.5,"Kidney beans, NFS",2.874,646.0,"Fatty acids, total polyunsaturated",G,1.4495,0.5798,9071.84,0.003195603097056385,0.0012782412388225542,0.3195603097056385,0.12782412388225542,0.044476034753742316,22.484018765091413
5247,Kidney Beans,28.99,20.0,2.5,"Kidney beans, NFS",2.587,617.0,MUFA 18:1,G,1.4495,0.5798,9071.84,0.003195603097056385,0.0012782412388225542,0.3195603097056385,0.12782412388225542,0.049410175447334906,20.23874618834081
5248,Kidney Beans,28.99,20.0,2.5,"Kidney beans, NFS",0.0,322.0,"Carotene, alpha",UG,1.4495,0.5798,9071.84,0.003195603097056385,0.0012782412388225542,0.3195603097056385,0.12782412388225542,inf,0.0
5249,Kidney Beans,28.99,20.0,2.5,"Kidney beans, NFS",115.0,435.0,"Folate, DFE",UG,1.4495,0.5798,9071.84,0.003195603097056385,0.0012782412388225542,0.3195603097056385,0.12782412388225542,0.0011115141207152645,899.6736805795101
5250,Kidney Beans,28.99,20.0,2.5,"Kidney beans, NFS",0.0,334.0,"Cryptoxanthin, beta",UG,1.4495,0.5798,9071.84,0.003195603097056385,0.0012782412388225542,0.3195603097056385,0.12782412388225542,inf,0.0
5251,Kidney Beans,28.99,20.0,2.5,"Kidney beans, NFS",1.1,317.0,"Selenium, Se",UG,1.4495,0.5798,9071.84,0.003195603097056385,0.0012782412388225542,0.3195603097056385,0.12782412388225542,0.11620374898386855,8.605574335977924
5252,Kidney Beans,28.99,20.0,2.5,"Kidney beans, NFS",0.106,415.0,Vitamin B-6,MG,1.4495,0.5798,9071.84,0.003195603097056385,0.0012782412388225542,0.3195603097056385,0.12782412388225542,1.205887961153353,0.8292644360124181
5253,Kidney Beans,28.99,20.0,2.5,"Kidney beans, NFS",0.045,628.0,MUFA 20:1,G,1.4495,0.5798,9071.84,0.003195603097056385,0.0012782412388225542,0.3195603097056385,0.12782412388225542,2.8405360862723428,0.3520462228354605
5254,Kidney Beans,28.99,20.0,2.5,"Kidney beans, NFS",0.703,613.0,SFA 16:0,G,1.4495,0.5798,9071.84,0.003195603097056385,0.0012782412388225542,0.3195603097056385,0.12782412388225542,0.18182663425640885,5.499744325629527
5255,Kidney Beans,28.99,20.0,2.5,"Kidney beans, NFS",0.0,620.0,PUFA 20:4,G,1.4495,0.5798,9071.84,0.003195603097056385,0.0012782412388225542,0.3195603097056385,0.12782412388225542,inf,0.0
5256,Kidney Beans,28.99,20.0,2.5,"Kidney beans, NFS",177.0,208.0,Energy,KCAL,1.4495,0.5798,9071.84,0.003195603097056385,0.0012782412388225542,0.3195603097056385,0.12782412388225542,0.0007221701914251719,1384.7151431528114
5257,Kidney Beans,28.99,20.0,2.5,"Kidney beans, NFS",0.0,631.0,PUFA 22:5 n-3 (DPA),G,1.4495,0.5798,9071.84,0.003195603097056385,0.0012782412388225542,0.3195603097056385,0.12782412388225542,inf,0.0
5258,Kidney Beans,28.99,20.0,2.5,"Kidney beans, NFS",0.0,328.0,Vitamin D (D2 + D3),UG,1.4495,0.5798,9071.84,0.003195603097056385,0.0012782412388225542,0.3195603097056385,0.12782412388225542,inf,0.0
5259,Kidney Beans,28.99,20.0,2.5,"Kidney beans, NFS",0.0,262.0,Caffeine,MG,1.4495,0.5798,9071.84,0.003195603097056385,0.0012782412388225542,0.3195603097056385,0.12782412388225542,inf,0.0
5260,Kidney Beans,28.99,20.0,2.5,"Kidney beans, NFS",0.141,404.0,Thiamin,MG,1.4495,0.5798,9071.84,0.003195603097056385,0.0012782412388225542,0.3195603097056385,0.12782412388225542,0.9065540700869179,1.1030781648844428
5261,Kidney Beans,28.99,20.0,2.5,"Kidney beans, NFS",0.0,320.0,"Vitamin A, RAE",UG,1.4495,0.5798,9071.84,0.003195603097056385,0.0012782412388225542,0.3195603097056385,0.12782412388225542,inf,0.0
5262,Kidney Beans,28.99,20.0,2.5,"Kidney beans, NFS",0.0,607.0,SFA 4:0,G,1.4495,0.5798,9071.84,0.003195603097056385,0.0012782412388225542,0.3195603097056385,0.12782412388225542,inf,0.0
5263,Kidney Beans,28.99,20.0,2.5,"Kidney beans, NFS",0.0,621.0,PUFA 22:6 n-3 (DHA),G,1.4495,0.5798,9071.84,0.003195603097056385,0.0012782412388225542,0.3195603097056385,0.12782412388225542,inf,0.0
5264,Kidney Beans,28.99,20.0,2.5,"Kidney beans, NFS",0.0,338.0,Lutein + zeaxanthin,UG,1.4495,0.5798,9071.84,0.003195603097056385,0.0012782412388225542,0.3195603097056385,0.12782412388225542,inf,0.0
5265,Kidney Beans,28.99,20.0,2.5,"Kidney beans, NFS",0.51,406.0,Niacin,MG,1.4495,0.5798,9071.84,0.003195603097056385,0.0012782412388225542,0.3195603097056385,0.12782412388225542,0.25063553702403024,3.989857192135219
5266,Kidney Beans,28.99,20.0,2.5,"Kidney beans, NFS",218.0,307.0,"Sodium, Na",MG,1.4495,0.5798,9071.84,0.003195603097056385,0.0012782412388225542,0.3195603097056385,0.12782412388225542,0.0005863491921204377,1705.4683684028976
5267,Kidney Beans,28.99,20.0,2.5,"Kidney beans, NFS",1.1,401.0,"Vitamin C, total ascorbic acid",MG,1.4495,0.5798,9071.84,0.003195603097056385,0.0012782412388225542,0.3195603097056385,0.12782412388225542,0.11620374898386855,8.605574335977924
5268,Kidney Beans,28.99,20.0,2.5,"Kidney beans, NFS",14.9,430.0,Vitamin K (phylloquinone),UG,1.4495,0.5798,9071.84,0.003195603097056385,0.0012782412388225542,0.3195603097056385,0.12782412388225542,0.008578800260554055,116.56641600551914
5269,Kidney Beans,28.99,20.0,2.5,"Kidney beans, NFS",0.3,269.0,"Sugars, Total",G,1.4495,0.5798,9071.84,0.003195603097056385,0.0012782412388225542,0.3195603097056385,0.12782412388225542,0.4260804129408514,2.34697481890307
5270,Kidney Beans,28.99,20.0,2.5,"Kidney beans, NFS",2.659,645.0,"Fatty acids, total monounsaturated",G,1.4495,0.5798,9071.84,0.003195603097056385,0.0012782412388225542,0.3195603097056385,0.12782412388225542,0.04807225418663236,20.80202014487754
5271,Kidney Beans,28.99,20.0,2.5,"Kidney beans, NFS",0.051,405.0,Riboflavin,MG,1.4495,0.5798,9071.84,0.003195603097056385,0.0012782412388225542,0.3195603097056385,0.12782412388225542,2.5063553702403025,0.3989857192135219
5272,Kidney Beans,28.99,20.0,2.5,"Kidney beans, NFS",26.0,301.0,"Calcium, Ca",MG,1.4495,0.5798,9071.84,0.003195603097056385,0.0012782412388225542,0.3195603097056385,0.12782412388225542,0.004916312457009824,203.40448430493274
5273,Lentils,26.99,20.0,2.5,"Lentils, NFS",0.024,626.0,MUFA 16:1,G,1.3495,0.5398,9071.84,0.0029751406550380076,0.001190056262015203,0.2975140655038008,0.1190056262015203,4.958567758396679,0.2016711374583179
5274,Lentils,26.99,20.0,2.5,"Lentils, NFS",0.936,406.0,Niacin,MG,1.3495,0.5398,9071.84,0.0029751406550380076,0.001190056262015203,0.2975140655038008,0.1190056262015203,0.1271427630358123,7.8651743608743985
5275,Lentils,26.99,20.0,2.5,"Lentils, NFS",0.0,608.0,SFA 6:0,G,1.3495,0.5398,9071.84,0.0029751406550380076,0.001190056262015203,0.2975140655038008,0.1190056262015203,inf,0.0
5276,Lentils,26.99,20.0,2.5,"Lentils, NFS",30.4,421.0,"Choline, total",MG,1.3495,0.5398,9071.84,0.0029751406550380076,0.001190056262015203,0.2975140655038008,0.1190056262015203,0.003914658756628958,255.45010744720267
5277,Lentils,26.99,20.0,2.5,"Lentils, NFS",0.0,578.0,"Vitamin B-12, added",UG,1.3495,0.5398,9071.84,0.0029751406550380076,0.001190056262015203,0.2975140655038008,0.1190056262015203,inf,0.0
5278,Lentils,26.99,20.0,2.5,"Lentils, NFS",0.157,415.0,Vitamin B-6,MG,1.3495,0.5398,9071.84,0.0029751406550380076,0.001190056262015203,0.2975140655038008,0.1190056262015203,0.7579976191179637,1.3192653575398297
5279,Lentils,26.99,20.0,2.5,"Lentils, NFS",0.0,627.0,PUFA 18:4,G,1.3495,0.5398,9071.84,0.0029751406550380076,0.001190056262015203,0.2975140655038008,0.1190056262015203,inf,0.0
5280,Lentils,26.99,20.0,2.5,"Lentils, NFS",0.0,620.0,PUFA 20:4,G,1.3495,0.5398,9071.84,0.0029751406550380076,0.001190056262015203,0.2975140655038008,0.1190056262015203,inf,0.0
5281,Lentils,26.99,20.0,2.5,"Lentils, NFS",0.194,614.0,SFA 18:0,G,1.3495,0.5398,9071.84,0.0029751406550380076,0.001190056262015203,0.2975140655038008,0.1190056262015203,0.6134310628944345,1.6301750277880698
5282,Lentils,26.99,20.0,2.5,"Lentils, NFS",0.0,610.0,SFA 10:0,G,1.3495,0.5398,9071.84,0.0029751406550380076,0.001190056262015203,0.2975140655038008,0.1190056262015203,inf,0.0
5283,Lentils,26.99,20.0,2.5,"Lentils, NFS",0.064,405.0,Riboflavin,MG,1.3495,0.5398,9071.84,0.0029751406550380076,0.001190056262015203,0.2975140655038008,0.1190056262015203,1.8594629093987547,0.5377896998888477
5284,Lentils,26.99,20.0,2.5,"Lentils, NFS",2.781,646.0,"Fatty acids, total polyunsaturated",G,1.3495,0.5398,9071.84,0.0029751406550380076,0.001190056262015203,0.2975140655038008,0.1190056262015203,0.04279238626448051,23.368643052982588
5285,Lentils,26.99,20.0,2.5,"Lentils, NFS",0.0,611.0,SFA 12:0,G,1.3495,0.5398,9071.84,0.0029751406550380076,0.001190056262015203,0.2975140655038008,0.1190056262015203,inf,0.0
5286,Lentils,26.99,20.0,2.5,"Lentils, NFS",0.685,613.0,SFA 16:0,G,1.3495,0.5398,9071.84,0.0029751406550380076,0.001190056262015203,0.2975140655038008,0.1190056262015203,0.17373084117010262,5.756030381622824
5287,Lentils,26.99,20.0,2.5,"Lentils, NFS",0.0,609.0,SFA 8:0,G,1.3495,0.5398,9071.84,0.0029751406550380076,0.001190056262015203,0.2975140655038008,0.1190056262015203,inf,0.0
5288,Lentils,26.99,20.0,2.5,"Lentils, NFS",160.0,417.0,"Folate, total",UG,1.3495,0.5398,9071.84,0.0029751406550380076,0.001190056262015203,0.2975140655038008,0.1190056262015203,0.0007437851637595019,1344.4742497221193
5289,Lentils,26.99,20.0,2.5,"Lentils, NFS",8.7,430.0,Vitamin K (phylloquinone),UG,1.3495,0.5398,9071.84,0.0029751406550380076,0.001190056262015203,0.2975140655038008,0.1190056262015203,0.013678807609370151,73.10578732864023
5290,Lentils,26.99,20.0,2.5,"Lentils, NFS",0.0,631.0,PUFA 22:5 n-3 (DPA),G,1.3495,0.5398,9071.84,0.0029751406550380076,0.001190056262015203,0.2975140655038008,0.1190056262015203,inf,0.0
5291,Lentils,26.99,20.0,2.5,"Lentils, NFS",0.0,573.0,"Vitamin E, added",MG,1.3495,0.5398,9071.84,0.0029751406550380076,0.001190056262015203,0.2975140655038008,0.1190056262015203,inf,0.0
5292,Lentils,26.99,20.0,2.5,"Lentils, NFS",0.0,418.0,Vitamin B-12,UG,1.3495,0.5398,9071.84,0.0029751406550380076,0.001190056262015203,0.2975140655038008,0.1190056262015203,inf,0.0
5293,Lentils,26.99,20.0,2.5,"Lentils, NFS",0.0,607.0,SFA 4:0,G,1.3495,0.5398,9071.84,0.0029751406550380076,0.001190056262015203,0.2975140655038008,0.1190056262015203,inf,0.0
5294,Lentils,26.99,20.0,2.5,"Lentils, NFS",0.0,621.0,PUFA 22:6 n-3 (DHA),G,1.3495,0.5398,9071.84,0.0029751406550380076,0.001190056262015203,0.2975140655038008,0.1190056262015203,inf,0.0
5295,Lentils,26.99,20.0,2.5,"Lentils, NFS",0.34,619.0,PUFA 18:3,G,1.3495,0.5398,9071.84,0.0029751406550380076,0.001190056262015203,0.2975140655038008,0.1190056262015203,0.3500165476515303,2.857007780659504
5296,Lentils,26.99,20.0,2.5,"Lentils, NFS",0.047,628.0,MUFA 20:1,G,1.3495,0.5398,9071.84,0.0029751406550380076,0.001190056262015203,0.2975140655038008,0.1190056262015203,2.532034600032347,0.3949393108558726
5297,Lentils,26.99,20.0,2.5,"Lentils, NFS",0.0,629.0,PUFA 20:5 n-3 (EPA),G,1.3495,0.5398,9071.84,0.0029751406550380076,0.001190056262015203,0.2975140655038008,0.1190056262015203,inf,0.0
5298,Lentils,26.99,20.0,2.5,"Lentils, NFS",0.0,601.0,Cholesterol,MG,1.3495,0.5398,9071.84,0.0029751406550380076,0.001190056262015203,0.2975140655038008,0.1190056262015203,inf,0.0
5299,Lentils,26.99,20.0,2.5,"Lentils, NFS",2.608,617.0,MUFA 18:1,G,1.3495,0.5398,9071.84,0.0029751406550380076,0.001190056262015203,0.2975140655038008,0.1190056262015203,0.045630991641687234,21.914930270470546
5300,Lentils,26.99,20.0,2.5,"Lentils, NFS",160.0,432.0,"Folate, food",UG,1.3495,0.5398,9071.84,0.0029751406550380076,0.001190056262015203,0.2975140655038008,0.1190056262015203,0.0007437851637595019,1344.4742497221193
5301,Lentils,26.99,20.0,2.5,"Lentils, NFS",0.004,612.0,SFA 14:0,G,1.3495,0.5398,9071.84,0.0029751406550380076,0.001190056262015203,0.2975140655038008,0.1190056262015203,29.751406550380075,0.03361185624305298
5302,Lentils,26.99,20.0,2.5,"Lentils, NFS",0.0,431.0,Folic acid,UG,1.3495,0.5398,9071.84,0.0029751406550380076,0.001190056262015203,0.2975140655038008,0.1190056262015203,inf,0.0
5303,Lentils,26.99,20.0,2.5,"Lentils, NFS",0.938,606.0,"Fatty acids, total saturated",G,1.3495,0.5398,9071.84,0.0029751406550380076,0.001190056262015203,0.2975140655038008,0.1190056262015203,0.1268716697244353,7.8819802889959245
5304,Lentils,26.99,20.0,2.5,"Lentils, NFS",2.438,618.0,PUFA 18:2,G,1.3495,0.5398,9071.84,0.0029751406550380076,0.001190056262015203,0.2975140655038008,0.1190056262015203,0.048812808122034576,20.486426380140795
5305,Lentils,26.99,20.0,2.5,"Lentils, NFS",2.682,645.0,"Fatty acids, total monounsaturated",G,1.3495,0.5398,9071.84,0.0029751406550380076,0.001190056262015203,0.2975140655038008,0.1190056262015203,0.04437197099236402,22.536749610967025
5306,Lentils,26.99,20.0,2.5,"Lentils, NFS",0.0,630.0,MUFA 22:1,G,1.3495,0.5398,9071.84,0.0029751406550380076,0.001190056262015203,0.2975140655038008,0.1190056262015203,inf,0.0
5307,Lentils,26.99,20.0,2.5,"Lentils, NFS",160.0,435.0,"Folate, DFE",UG,1.3495,0.5398,9071.84,0.0029751406550380076,0.001190056262015203,0.2975140655038008,0.1190056262015203,0.0007437851637595019,1344.4742497221193
5308,Lentils,26.99,20.0,2.5,"Lentils, NFS",218.0,307.0,"Sodium, Na",MG,1.3495,0.5398,9071.84,0.0029751406550380076,0.001190056262015203,0.2975140655038008,0.1190056262015203,0.0005458973678968822,1831.8461652463877
5309,Lentils,26.99,20.0,2.5,"Lentils, NFS",1.18,309.0,"Zinc, Zn",MG,1.3495,0.5398,9071.84,0.0029751406550380076,0.001190056262015203,0.2975140655038008,0.1190056262015203,0.10085222559450874,9.91549759170063
5310,Lentils,26.99,20.0,2.5,"Lentils, NFS",2.6,317.0,"Selenium, Se",UG,1.3495,0.5398,9071.84,0.0029751406550380076,0.001190056262015203,0.2975140655038008,0.1190056262015203,0.045771394692892424,21.84770655798444
5311,Lentils,26.99,20.0,2.5,"Lentils, NFS",1.3,401.0,"Vitamin C, total ascorbic acid",MG,1.3495,0.5398,9071.84,0.0029751406550380076,0.001190056262015203,0.2975140655038008,0.1190056262015203,0.09154278938578485,10.92385327899222
5312,Lentils,26.99,20.0,2.5,"Lentils, NFS",0.0,338.0,Lutein + zeaxanthin,UG,1.3495,0.5398,9071.84,0.0029751406550380076,0.001190056262015203,0.2975140655038008,0.1190056262015203,inf,0.0
5313,Lentils,26.99,20.0,2.5,"Lentils, NFS",0.0,221.0,"Alcohol, ethyl",G,1.3495,0.5398,9071.84,0.0029751406550380076,0.001190056262015203,0.2975140655038008,0.1190056262015203,inf,0.0
5314,Lentils,26.99,20.0,2.5,"Lentils, NFS",0.0,319.0,Retinol,UG,1.3495,0.5398,9071.84,0.0029751406550380076,0.001190056262015203,0.2975140655038008,0.1190056262015203,inf,0.0
5315,Lentils,26.99,20.0,2.5,"Lentils, NFS",0.0,328.0,Vitamin D (D2 + D3),UG,1.3495,0.5398,9071.84,0.0029751406550380076,0.001190056262015203,0.2975140655038008,0.1190056262015203,inf,0.0
5316,Lentils,26.99,20.0,2.5,"Lentils, NFS",7.3,291.0,"Fiber, total dietary",G,1.3495,0.5398,9071.84,0.0029751406550380076,0.001190056262015203,0.2975140655038008,0.1190056262015203,0.01630214057555073,61.341637643571694
5317,Lentils,26.99,20.0,2.5,"Lentils, NFS",343.0,306.0,"Potassium, K",MG,1.3495,0.5398,9071.84,0.0029751406550380076,0.001190056262015203,0.2975140655038008,0.1190056262015203,0.00034695517843008833,2882.2166728417933
5318,Lentils,26.99,20.0,2.5,"Lentils, NFS",0.0,322.0,"Carotene, alpha",UG,1.3495,0.5398,9071.84,0.0029751406550380076,0.001190056262015203,0.2975140655038008,0.1190056262015203,inf,0.0
5319,Lentils,26.99,20.0,2.5,"Lentils, NFS",6.86,204.0,Total lipid (fat),G,1.3495,0.5398,9071.84,0.0029751406550380076,0.001190056262015203,0.2975140655038008,0.1190056262015203,0.017347758921504416,57.644333456835874
5320,Lentils,26.99,20.0,2.5,"Lentils, NFS",0.0,337.0,Lycopene,UG,1.3495,0.5398,9071.84,0.0029751406550380076,0.001190056262015203,0.2975140655038008,0.1190056262015203,inf,0.0
5321,Lentils,26.99,20.0,2.5,"Lentils, NFS",0.0,320.0,"Vitamin A, RAE",UG,1.3495,0.5398,9071.84,0.0029751406550380076,0.001190056262015203,0.2975140655038008,0.1190056262015203,inf,0.0
5322,Lentils,26.99,20.0,2.5,"Lentils, NFS",18.71,205.0,"Carbohydrate, by difference",G,1.3495,0.5398,9071.84,0.0029751406550380076,0.001190056262015203,0.2975140655038008,0.1190056262015203,0.0063605358739455,157.21945757688033
5323,Lentils,26.99,20.0,2.5,"Lentils, NFS",5.0,321.0,"Carotene, beta",UG,1.3495,0.5398,9071.84,0.0029751406550380076,0.001190056262015203,0.2975140655038008,0.1190056262015203,0.02380112524030406,42.01482030381623
5324,Lentils,26.99,20.0,2.5,"Lentils, NFS",0.0,262.0,Caffeine,MG,1.3495,0.5398,9071.84,0.0029751406550380076,0.001190056262015203,0.2975140655038008,0.1190056262015203,inf,0.0
5325,Lentils,26.99,20.0,2.5,"Lentils, NFS",3.11,303.0,"Iron, Fe",MG,1.3495,0.5398,9071.84,0.0029751406550380076,0.001190056262015203,0.2975140655038008,0.1190056262015203,0.03826547466286827,26.133218228973693
5326,Lentils,26.99,20.0,2.5,"Lentils, NFS",167.0,305.0,"Phosphorus, P",MG,1.3495,0.5398,9071.84,0.0029751406550380076,0.001190056262015203,0.2975140655038008,0.1190056262015203,0.000712608540128864,1403.2949981474621
5327,Lentils,26.99,20.0,2.5,"Lentils, NFS",8.38,203.0,Protein,G,1.3495,0.5398,9071.84,0.0029751406550380076,0.001190056262015203,0.2975140655038008,0.1190056262015203,0.014201148711398603,70.41683882919601
5328,Lentils,26.99,20.0,2.5,"Lentils, NFS",18.0,301.0,"Calcium, Ca",MG,1.3495,0.5398,9071.84,0.0029751406550380076,0.001190056262015203,0.2975140655038008,0.1190056262015203,0.006611423677862239,151.25335309373844
5329,Lentils,26.99,20.0,2.5,"Lentils, NFS",0.0,334.0,"Cryptoxanthin, beta",UG,1.3495,0.5398,9071.84,0.0029751406550380076,0.001190056262015203,0.2975140655038008,0.1190056262015203,inf,0.0
5330,Lentils,26.99,20.0,2.5,"Lentils, NFS",0.149,404.0,Thiamin,MG,1.3495,0.5398,9071.84,0.0029751406550380076,0.001190056262015203,0.2975140655038008,0.1190056262015203,0.7986954778625525,1.2520416450537235
5331,Lentils,26.99,20.0,2.5,"Lentils, NFS",1.16,323.0,Vitamin E (alpha-tocopherol),MG,1.3495,0.5398,9071.84,0.0029751406550380076,0.001190056262015203,0.2975140655038008,0.1190056262015203,0.10259105707027613,9.747438310485364
5332,Lentils,26.99,20.0,2.5,"Lentils, NFS",0.233,312.0,"Copper, Cu",MG,1.3495,0.5398,9071.84,0.0029751406550380076,0.001190056262015203,0.2975140655038008,0.1190056262015203,0.5107537605215463,1.9578906261578364
5333,Lentils,26.99,20.0,2.5,"Lentils, NFS",64.72,255.0,Water,G,1.3495,0.5398,9071.84,0.0029751406550380076,0.001190056262015203,0.2975140655038008,0.1190056262015203,0.0018387766718405486,543.8398340125973
5334,Lentils,26.99,20.0,2.5,"Lentils, NFS",33.0,304.0,"Magnesium, Mg",MG,1.3495,0.5398,9071.84,0.0029751406550380076,0.001190056262015203,0.2975140655038008,0.1190056262015203,0.0036062310970157666,277.2978140051871
5335,Lentils,26.99,20.0,2.5,"Lentils, NFS",0.0,263.0,Theobromine,MG,1.3495,0.5398,9071.84,0.0029751406550380076,0.001190056262015203,0.2975140655038008,0.1190056262015203,inf,0.0
5336,Lentils,26.99,20.0,2.5,"Lentils, NFS",1.67,269.0,"Sugars, Total",G,1.3495,0.5398,9071.84,0.0029751406550380076,0.001190056262015203,0.2975140655038008,0.1190056262015203,0.07126085401288641,14.032949981474621
5337,Lentils,26.99,20.0,2.5,"Lentils, NFS",166.0,208.0,Energy,KCAL,1.3495,0.5398,9071.84,0.0029751406550380076,0.001190056262015203,0.2975140655038008,0.1190056262015203,0.0007169013626597609,1394.892034086699
5338,Chickpeas,28.99,20.0,2.5,"Chickpeas, NFS",0.027,626.0,MUFA 16:1,G,1.4495,0.5798,9071.84,0.003195603097056385,0.0012782412388225542,0.3195603097056385,0.12782412388225542,4.7342268104539045,0.2112277337012763
5339,Chickpeas,28.99,20.0,2.5,"Chickpeas, NFS",0.0,630.0,MUFA 22:1,G,1.4495,0.5798,9071.84,0.003195603097056385,0.0012782412388225542,0.3195603097056385,0.12782412388225542,inf,0.0
5340,Chickpeas,28.99,20.0,2.5,"Chickpeas, NFS",4.46,269.0,"Sugars, Total",G,1.4495,0.5798,9071.84,0.003195603097056385,0.0012782412388225542,0.3195603097056385,0.12782412388225542,0.02866011746238911,34.89169230769231
5341,Chickpeas,28.99,20.0,2.5,"Chickpeas, NFS",2.7,303.0,"Iron, Fe",MG,1.4495,0.5798,9071.84,0.003195603097056385,0.0012782412388225542,0.3195603097056385,0.12782412388225542,0.047342268104539044,21.122773370127632
5342,Chickpeas,28.99,20.0,2.5,"Chickpeas, NFS",222.0,307.0,"Sodium, Na",MG,1.4495,0.5798,9071.84,0.003195603097056385,0.0012782412388225542,0.3195603097056385,0.12782412388225542,0.0005757843418119613,1736.7613659882718
5343,Chickpeas,28.99,20.0,2.5,"Chickpeas, NFS",0.0,578.0,"Vitamin B-12, added",UG,1.4495,0.5798,9071.84,0.003195603097056385,0.0012782412388225542,0.3195603097056385,0.12782412388225542,inf,0.0
5344,Chickpeas,28.99,20.0,2.5,"Chickpeas, NFS",0.0,263.0,Theobromine,MG,1.4495,0.5798,9071.84,0.003195603097056385,0.0012782412388225542,0.3195603097056385,0.12782412388225542,inf,0.0
5345,Chickpeas,28.99,20.0,2.5,"Chickpeas, NFS",152.0,432.0,"Folate, food",UG,1.4495,0.5798,9071.84,0.003195603097056385,0.0012782412388225542,0.3195603097056385,0.12782412388225542,0.0008409481834358909,1189.133908244222
5346,Chickpeas,28.99,20.0,2.5,"Chickpeas, NFS",0.0,631.0,PUFA 22:5 n-3 (DPA),G,1.4495,0.5798,9071.84,0.003195603097056385,0.0012782412388225542,0.3195603097056385,0.12782412388225542,inf,0.0
5347,Chickpeas,28.99,20.0,2.5,"Chickpeas, NFS",3.693,646.0,"Fatty acids, total polyunsaturated",G,1.4495,0.5798,9071.84,0.003195603097056385,0.0012782412388225542,0.3195603097056385,0.12782412388225542,0.03461254369950052,28.89126002069679
5348,Chickpeas,28.99,20.0,2.5,"Chickpeas, NFS",0.345,619.0,PUFA 18:3,G,1.4495,0.5798,9071.84,0.003195603097056385,0.0012782412388225542,0.3195603097056385,0.12782412388225542,0.3705047069050882,2.6990210417385305
5349,Chickpeas,28.99,20.0,2.5,"Chickpeas, NFS",0.0,328.0,Vitamin D (D2 + D3),UG,1.4495,0.5798,9071.84,0.003195603097056385,0.0012782412388225542,0.3195603097056385,0.12782412388225542,inf,0.0
5350,Chickpeas,28.99,20.0,2.5,"Chickpeas, NFS",0.123,415.0,Vitamin B-6,MG,1.4495,0.5798,9071.84,0.003195603097056385,0.0012782412388225542,0.3195603097056385,0.12782412388225542,1.0392205193679303,0.9622596757502587
5351,Chickpeas,28.99,20.0,2.5,"Chickpeas, NFS",8.23,203.0,Protein,G,1.4495,0.5798,9071.84,0.003195603097056385,0.0012782412388225542,0.3195603097056385,0.12782412388225542,0.015531485283384619,64.38534253190755
5352,Chickpeas,28.99,20.0,2.5,"Chickpeas, NFS",39.8,421.0,"Choline, total",MG,1.4495,0.5798,9071.84,0.003195603097056385,0.0012782412388225542,0.3195603097056385,0.12782412388225542,0.0032116614040767696,311.36532597447393
5353,Chickpeas,28.99,20.0,2.5,"Chickpeas, NFS",0.0,627.0,PUFA 18:4,G,1.4495,0.5798,9071.84,0.003195603097056385,0.0012782412388225542,0.3195603097056385,0.12782412388225542,inf,0.0
5354,Chickpeas,28.99,20.0,2.5,"Chickpeas, NFS",7.1,291.0,"Fiber, total dietary",G,1.4495,0.5798,9071.84,0.003195603097056385,0.0012782412388225542,0.3195603097056385,0.12782412388225542,0.01800339772989513,55.54507071403932
5355,Chickpeas,28.99,20.0,2.5,"Chickpeas, NFS",0.0,322.0,"Carotene, alpha",UG,1.4495,0.5798,9071.84,0.003195603097056385,0.0012782412388225542,0.3195603097056385,0.12782412388225542,inf,0.0
5356,Chickpeas,28.99,20.0,2.5,"Chickpeas, NFS",1.0,320.0,"Vitamin A, RAE",UG,1.4495,0.5798,9071.84,0.003195603097056385,0.0012782412388225542,0.3195603097056385,0.12782412388225542,0.12782412388225542,7.8232493963435665
5357,Chickpeas,28.99,20.0,2.5,"Chickpeas, NFS",0.0,338.0,Lutein + zeaxanthin,UG,1.4495,0.5798,9071.84,0.003195603097056385,0.0012782412388225542,0.3195603097056385,0.12782412388225542,inf,0.0
5358,Chickpeas,28.99,20.0,2.5,"Chickpeas, NFS",0.0,431.0,Folic acid,UG,1.4495,0.5798,9071.84,0.003195603097056385,0.0012782412388225542,0.3195603097056385,0.12782412388225542,inf,0.0
5359,Chickpeas,28.99,20.0,2.5,"Chickpeas, NFS",15.0,321.0,"Carotene, beta",UG,1.4495,0.5798,9071.84,0.003195603097056385,0.0012782412388225542,0.3195603097056385,0.12782412388225542,0.008521608258817029,117.3487409451535
5360,Chickpeas,28.99,20.0,2.5,"Chickpeas, NFS",0.0,620.0,PUFA 20:4,G,1.4495,0.5798,9071.84,0.003195603097056385,0.0012782412388225542,0.3195603097056385,0.12782412388225542,inf,0.0
5361,Chickpeas,28.99,20.0,2.5,"Chickpeas, NFS",0.0,609.0,SFA 8:0,G,1.4495,0.5798,9071.84,0.003195603097056385,0.0012782412388225542,0.3195603097056385,0.12782412388225542,inf,0.0
5362,Chickpeas,28.99,20.0,2.5,"Chickpeas, NFS",45.0,304.0,"Magnesium, Mg",MG,1.4495,0.5798,9071.84,0.003195603097056385,0.0012782412388225542,0.3195603097056385,0.12782412388225542,0.002840536086272343,352.0462228354605
5363,Chickpeas,28.99,20.0,2.5,"Chickpeas, NFS",3.165,645.0,"Fatty acids, total monounsaturated",G,1.4495,0.5798,9071.84,0.003195603097056385,0.0012782412388225542,0.3195603097056385,0.12782412388225542,0.040386768999132835,24.76058433942739
5364,Chickpeas,28.99,20.0,2.5,"Chickpeas, NFS",0.0,601.0,Cholesterol,MG,1.4495,0.5798,9071.84,0.003195603097056385,0.0012782412388225542,0.3195603097056385,0.12782412388225542,inf,0.0
5365,Chickpeas,28.99,20.0,2.5,"Chickpeas, NFS",0.102,404.0,Thiamin,MG,1.4495,0.5798,9071.84,0.003195603097056385,0.0012782412388225542,0.3195603097056385,0.12782412388225542,1.2531776851201513,0.7979714384270438
5366,Chickpeas,28.99,20.0,2.5,"Chickpeas, NFS",0.0,221.0,"Alcohol, ethyl",G,1.4495,0.5798,9071.84,0.003195603097056385,0.0012782412388225542,0.3195603097056385,0.12782412388225542,inf,0.0
5367,Chickpeas,28.99,20.0,2.5,"Chickpeas, NFS",1.139,606.0,"Fatty acids, total saturated",G,1.4495,0.5798,9071.84,0.003195603097056385,0.0012782412388225542,0.3195603097056385,0.12782412388225542,0.11222486732419264,8.910681062435323
5368,Chickpeas,28.99,20.0,2.5,"Chickpeas, NFS",0.0,610.0,SFA 10:0,G,1.4495,0.5798,9071.84,0.003195603097056385,0.0012782412388225542,0.3195603097056385,0.12782412388225542,inf,0.0
5369,Chickpeas,28.99,20.0,2.5,"Chickpeas, NFS",0.0,573.0,"Vitamin E, added",MG,1.4495,0.5798,9071.84,0.003195603097056385,0.0012782412388225542,0.3195603097056385,0.12782412388225542,inf,0.0
5370,Chickpeas,28.99,20.0,2.5,"Chickpeas, NFS",0.0,608.0,SFA 6:0,G,1.4495,0.5798,9071.84,0.003195603097056385,0.0012782412388225542,0.3195603097056385,0.12782412388225542,inf,0.0
5371,Chickpeas,28.99,20.0,2.5,"Chickpeas, NFS",0.327,312.0,"Copper, Cu",MG,1.4495,0.5798,9071.84,0.003195603097056385,0.0012782412388225542,0.3195603097056385,0.12782412388225542,0.39089946141362514,2.5582025526043464
5372,Chickpeas,28.99,20.0,2.5,"Chickpeas, NFS",0.045,628.0,MUFA 20:1,G,1.4495,0.5798,9071.84,0.003195603097056385,0.0012782412388225542,0.3195603097056385,0.12782412388225542,2.8405360862723428,0.3520462228354605
5373,Chickpeas,28.99,20.0,2.5,"Chickpeas, NFS",1.42,309.0,"Zinc, Zn",MG,1.4495,0.5798,9071.84,0.003195603097056385,0.0012782412388225542,0.3195603097056385,0.12782412388225542,0.09001698864947565,11.109014142807863
5374,Chickpeas,28.99,20.0,2.5,"Chickpeas, NFS",0.0,337.0,Lycopene,UG,1.4495,0.5798,9071.84,0.003195603097056385,0.0012782412388225542,0.3195603097056385,0.12782412388225542,inf,0.0
5375,Chickpeas,28.99,20.0,2.5,"Chickpeas, NFS",0.224,614.0,SFA 18:0,G,1.4495,0.5798,9071.84,0.003195603097056385,0.0012782412388225542,0.3195603097056385,0.12782412388225542,0.5706434101886403,1.752407864780959
5376,Chickpeas,28.99,20.0,2.5,"Chickpeas, NFS",270.0,306.0,"Potassium, K",MG,1.4495,0.5798,9071.84,0.003195603097056385,0.0012782412388225542,0.3195603097056385,0.12782412388225542,0.0004734226810453904,2112.277337012763
5377,Chickpeas,28.99,20.0,2.5,"Chickpeas, NFS",0.056,405.0,Riboflavin,MG,1.4495,0.5798,9071.84,0.003195603097056385,0.0012782412388225542,0.3195603097056385,0.12782412388225542,2.282573640754561,0.4381019661952397
5378,Chickpeas,28.99,20.0,2.5,"Chickpeas, NFS",55.96,255.0,Water,G,1.4495,0.5798,9071.84,0.003195603097056385,0.0012782412388225542,0.3195603097056385,0.12782412388225542,0.0022842052159087814,437.789036219386
5379,Chickpeas,28.99,20.0,2.5,"Chickpeas, NFS",3.088,617.0,MUFA 18:1,G,1.4495,0.5798,9071.84,0.003195603097056385,0.0012782412388225542,0.3195603097056385,0.12782412388225542,0.04139382250073038,24.158194135908936
5380,Chickpeas,28.99,20.0,2.5,"Chickpeas, NFS",152.0,417.0,"Folate, total",UG,1.4495,0.5798,9071.84,0.003195603097056385,0.0012782412388225542,0.3195603097056385,0.12782412388225542,0.0008409481834358909,1189.133908244222
5381,Chickpeas,28.99,20.0,2.5,"Chickpeas, NFS",3.345,618.0,PUFA 18:2,G,1.4495,0.5798,9071.84,0.003195603097056385,0.0012782412388225542,0.3195603097056385,0.12782412388225542,0.03821348994985214,26.168769230769232
5382,Chickpeas,28.99,20.0,2.5,"Chickpeas, NFS",0.843,613.0,SFA 16:0,G,1.4495,0.5798,9071.84,0.003195603097056385,0.0012782412388225542,0.3195603097056385,0.12782412388225542,0.1516300401924738,6.594999241117627
5383,Chickpeas,28.99,20.0,2.5,"Chickpeas, NFS",211.0,208.0,Energy,KCAL,1.4495,0.5798,9071.84,0.003195603097056385,0.0012782412388225542,0.3195603097056385,0.12782412388225542,0.0006058015349869925,1650.7056226284926
5384,Chickpeas,28.99,20.0,2.5,"Chickpeas, NFS",8.91,204.0,Total lipid (fat),G,1.4495,0.5798,9071.84,0.003195603097056385,0.0012782412388225542,0.3195603097056385,0.12782412388225542,0.014346141849860316,69.70515212142118
5385,Chickpeas,28.99,20.0,2.5,"Chickpeas, NFS",0.007,612.0,SFA 14:0,G,1.4495,0.5798,9071.84,0.003195603097056385,0.0012782412388225542,0.3195603097056385,0.12782412388225542,18.26058912603649,0.054762745774404965
5386,Chickpeas,28.99,20.0,2.5,"Chickpeas, NFS",0.0,262.0,Caffeine,MG,1.4495,0.5798,9071.84,0.003195603097056385,0.0012782412388225542,0.3195603097056385,0.12782412388225542,inf,0.0
5387,Chickpeas,28.99,20.0,2.5,"Chickpeas, NFS",0.0,418.0,Vitamin B-12,UG,1.4495,0.5798,9071.84,0.003195603097056385,0.0012782412388225542,0.3195603097056385,0.12782412388225542,inf,0.0
5388,Chickpeas,28.99,20.0,2.5,"Chickpeas, NFS",3.4,317.0,"Selenium, Se",UG,1.4495,0.5798,9071.84,0.003195603097056385,0.0012782412388225542,0.3195603097056385,0.12782412388225542,0.03759533055360453,26.599047947568128
5389,Chickpeas,28.99,20.0,2.5,"Chickpeas, NFS",0.0,621.0,PUFA 22:6 n-3 (DHA),G,1.4495,0.5798,9071.84,0.003195603097056385,0.0012782412388225542,0.3195603097056385,0.12782412388225542,inf,0.0
5390,Chickpeas,28.99,20.0,2.5,"Chickpeas, NFS",10.8,430.0,Vitamin K (phylloquinone),UG,1.4495,0.5798,9071.84,0.003195603097056385,0.0012782412388225542,0.3195603097056385,0.12782412388225542,0.011835567026134761,84.49109348051053
5391,Chickpeas,28.99,20.0,2.5,"Chickpeas, NFS",0.0,607.0,SFA 4:0,G,1.4495,0.5798,9071.84,0.003195603097056385,0.0012782412388225542,0.3195603097056385,0.12782412388225542,inf,0.0
5392,Chickpeas,28.99,20.0,2.5,"Chickpeas, NFS",0.0,319.0,Retinol,UG,1.4495,0.5798,9071.84,0.003195603097056385,0.0012782412388225542,0.3195603097056385,0.12782412388225542,inf,0.0
5393,Chickpeas,28.99,20.0,2.5,"Chickpeas, NFS",1.38,323.0,Vitamin E (alpha-tocopherol),MG,1.4495,0.5798,9071.84,0.003195603097056385,0.0012782412388225542,0.3195603097056385,0.12782412388225542,0.09262617672627205,10.796084166954122
5394,Chickpeas,28.99,20.0,2.5,"Chickpeas, NFS",0.464,406.0,Niacin,MG,1.4495,0.5798,9071.84,0.003195603097056385,0.0012782412388225542,0.3195603097056385,0.12782412388225542,0.27548302560830906,3.629987719903415
5395,Chickpeas,28.99,20.0,2.5,"Chickpeas, NFS",0.0,611.0,SFA 12:0,G,1.4495,0.5798,9071.84,0.003195603097056385,0.0012782412388225542,0.3195603097056385,0.12782412388225542,inf,0.0
5396,Chickpeas,28.99,20.0,2.5,"Chickpeas, NFS",152.0,435.0,"Folate, DFE",UG,1.4495,0.5798,9071.84,0.003195603097056385,0.0012782412388225542,0.3195603097056385,0.12782412388225542,0.0008409481834358909,1189.133908244222
5397,Chickpeas,28.99,20.0,2.5,"Chickpeas, NFS",46.0,301.0,"Calcium, Ca",MG,1.4495,0.5798,9071.84,0.003195603097056385,0.0012782412388225542,0.3195603097056385,0.12782412388225542,0.0027787853017881615,359.8694722318041
5398,Chickpeas,28.99,20.0,2.5,"Chickpeas, NFS",0.0,629.0,PUFA 20:5 n-3 (EPA),G,1.4495,0.5798,9071.84,0.003195603097056385,0.0012782412388225542,0.3195603097056385,0.12782412388225542,inf,0.0
5399,Chickpeas,28.99,20.0,2.5,"Chickpeas, NFS",156.0,305.0,"Phosphorus, P",MG,1.4495,0.5798,9071.84,0.003195603097056385,0.0012782412388225542,0.3195603097056385,0.12782412388225542,0.0008193854095016373,1220.4269058295963
5400,Chickpeas,28.99,20.0,2.5,"Chickpeas, NFS",0.0,334.0,"Cryptoxanthin, beta",UG,1.4495,0.5798,9071.84,0.003195603097056385,0.0012782412388225542,0.3195603097056385,0.12782412388225542,inf,0.0
5401,Chickpeas,28.99,20.0,2.5,"Chickpeas, NFS",25.48,205.0,"Carbohydrate, by difference",G,1.4495,0.5798,9071.84,0.003195603097056385,0.0012782412388225542,0.3195603097056385,0.12782412388225542,0.005016645364295739,199.33639461883408
5402,Chickpeas,28.99,20.0,2.5,"Chickpeas, NFS",1.1,401.0,"Vitamin C, total ascorbic acid",MG,1.4495,0.5798,9071.84,0.003195603097056385,0.0012782412388225542,0.3195603097056385,0.12782412388225542,0.11620374898386855,8.605574335977924
5403,Soy Protein Powder,9.0,1.0,1.0,Nutritional powder mix (EAS Soy Protein Powder),0.0,609.0,SFA 8:0,G,9.0,9.0,453.592,0.019841619781654,0.019841619781654,1.9841619781654,1.9841619781654,inf,0.0
5404,Soy Protein Powder,9.0,1.0,1.0,Nutritional powder mix (EAS Soy Protein Powder),0.12,323.0,Vitamin E (alpha-tocopherol),MG,9.0,9.0,453.592,0.019841619781654,0.019841619781654,1.9841619781654,1.9841619781654,16.534683151378335,0.06047893333333332
5405,Soy Protein Powder,9.0,1.0,1.0,Nutritional powder mix (EAS Soy Protein Powder),0.0,611.0,SFA 12:0,G,9.0,9.0,453.592,0.019841619781654,0.019841619781654,1.9841619781654,1.9841619781654,inf,0.0
5406,Soy Protein Powder,9.0,1.0,1.0,Nutritional powder mix (EAS Soy Protein Powder),0.057,415.0,Vitamin B-6,MG,9.0,9.0,453.592,0.019841619781654,0.019841619781654,1.9841619781654,1.9841619781654,34.80985926605965,0.02872749333333333
5407,Soy Protein Powder,9.0,1.0,1.0,Nutritional powder mix (EAS Soy Protein Powder),100.0,432.0,"Folate, food",UG,9.0,9.0,453.592,0.019841619781654,0.019841619781654,1.9841619781654,1.9841619781654,0.019841619781654,50.399111111111104
5408,Soy Protein Powder,9.0,1.0,1.0,Nutritional powder mix (EAS Soy Protein Powder),0.0,328.0,Vitamin D (D2 + D3),UG,9.0,9.0,453.592,0.019841619781654,0.019841619781654,1.9841619781654,1.9841619781654,inf,0.0
5409,Soy Protein Powder,9.0,1.0,1.0,Nutritional powder mix (EAS Soy Protein Powder),0.817,406.0,Niacin,MG,9.0,9.0,453.592,0.019841619781654,0.019841619781654,1.9841619781654,1.9841619781654,2.4285948325157896,0.41176073777777766
5410,Soy Protein Powder,9.0,1.0,1.0,Nutritional powder mix (EAS Soy Protein Powder),0.0,319.0,Retinol,UG,9.0,9.0,453.592,0.019841619781654,0.019841619781654,1.9841619781654,1.9841619781654,inf,0.0
5411,Soy Protein Powder,9.0,1.0,1.0,Nutritional powder mix (EAS Soy Protein Powder),0.0,613.0,SFA 16:0,G,9.0,9.0,453.592,0.019841619781654,0.019841619781654,1.9841619781654,1.9841619781654,inf,0.0
5412,Soy Protein Powder,9.0,1.0,1.0,Nutritional powder mix (EAS Soy Protein Powder),0.644,645.0,"Fatty acids, total monounsaturated",G,9.0,9.0,453.592,0.019841619781654,0.019841619781654,1.9841619781654,1.9841619781654,3.0809968605052793,0.3245702755555555
5413,Soy Protein Powder,9.0,1.0,1.0,Nutritional powder mix (EAS Soy Protein Powder),95.0,301.0,"Calcium, Ca",MG,9.0,9.0,453.592,0.019841619781654,0.019841619781654,1.9841619781654,1.9841619781654,0.02088591555963579,47.87915555555555
5414,Soy Protein Powder,9.0,1.0,1.0,Nutritional powder mix (EAS Soy Protein Powder),0.0,401.0,"Vitamin C, total ascorbic acid",MG,9.0,9.0,453.592,0.019841619781654,0.019841619781654,1.9841619781654,1.9841619781654,inf,0.0
5415,Soy Protein Powder,9.0,1.0,1.0,Nutritional powder mix (EAS Soy Protein Powder),0.0,322.0,"Carotene, alpha",UG,9.0,9.0,453.592,0.019841619781654,0.019841619781654,1.9841619781654,1.9841619781654,inf,0.0
5416,Soy Protein Powder,9.0,1.0,1.0,Nutritional powder mix (EAS Soy Protein Powder),22.0,304.0,"Magnesium, Mg",MG,9.0,9.0,453.592,0.019841619781654,0.019841619781654,1.9841619781654,1.9841619781654,0.0901891808257,11.087804444444442
5417,Soy Protein Powder,9.0,1.0,1.0,Nutritional powder mix (EAS Soy Protein Powder),0.0,606.0,"Fatty acids, total saturated",G,9.0,9.0,453.592,0.019841619781654,0.019841619781654,1.9841619781654,1.9841619781654,inf,0.0
5418,Soy Protein Powder,9.0,1.0,1.0,Nutritional powder mix (EAS Soy Protein Powder),43.94,205.0,"Carbohydrate, by difference",G,9.0,9.0,453.592,0.019841619781654,0.019841619781654,1.9841619781654,1.9841619781654,0.04515616700421939,22.145369422222217
5419,Soy Protein Powder,9.0,1.0,1.0,Nutritional powder mix (EAS Soy Protein Powder),0.0,628.0,MUFA 20:1,G,9.0,9.0,453.592,0.019841619781654,0.019841619781654,1.9841619781654,1.9841619781654,inf,0.0
5420,Soy Protein Powder,9.0,1.0,1.0,Nutritional powder mix (EAS Soy Protein Powder),1.729,618.0,PUFA 18:2,G,9.0,9.0,453.592,0.019841619781654,0.019841619781654,1.9841619781654,1.9841619781654,1.1475777780019665,0.871400631111111
5421,Soy Protein Powder,9.0,1.0,1.0,Nutritional powder mix (EAS Soy Protein Powder),0.631,617.0,MUFA 18:1,G,9.0,9.0,453.592,0.019841619781654,0.019841619781654,1.9841619781654,1.9841619781654,3.1444722316408877,0.3180183911111111
5422,Soy Protein Powder,9.0,1.0,1.0,Nutritional powder mix (EAS Soy Protein Powder),0.0,610.0,SFA 10:0,G,9.0,9.0,453.592,0.019841619781654,0.019841619781654,1.9841619781654,1.9841619781654,inf,0.0
5423,Soy Protein Powder,9.0,1.0,1.0,Nutritional powder mix (EAS Soy Protein Powder),0.0,631.0,PUFA 22:5 n-3 (DPA),G,9.0,9.0,453.592,0.019841619781654,0.019841619781654,1.9841619781654,1.9841619781654,inf,0.0
5424,Soy Protein Powder,9.0,1.0,1.0,Nutritional powder mix (EAS Soy Protein Powder),1.956,646.0,"Fatty acids, total polyunsaturated",G,9.0,9.0,453.592,0.019841619781654,0.019841619781654,1.9841619781654,1.9841619781654,1.014397739348364,0.9858066133333332
5425,Soy Protein Powder,9.0,1.0,1.0,Nutritional powder mix (EAS Soy Protein Powder),0.0,263.0,Theobromine,MG,9.0,9.0,453.592,0.019841619781654,0.019841619781654,1.9841619781654,1.9841619781654,inf,0.0
5426,Soy Protein Powder,9.0,1.0,1.0,Nutritional powder mix (EAS Soy Protein Powder),0.0,321.0,"Carotene, beta",UG,9.0,9.0,453.592,0.019841619781654,0.019841619781654,1.9841619781654,1.9841619781654,inf,0.0
5427,Soy Protein Powder,9.0,1.0,1.0,Nutritional powder mix (EAS Soy Protein Powder),0.0,627.0,PUFA 18:4,G,9.0,9.0,453.592,0.019841619781654,0.019841619781654,1.9841619781654,1.9841619781654,inf,0.0
5428,Soy Protein Powder,9.0,1.0,1.0,Nutritional powder mix (EAS Soy Protein Powder),714.0,306.0,"Potassium, K",MG,9.0,9.0,453.592,0.019841619781654,0.019841619781654,1.9841619781654,1.9841619781654,0.002778938344769468,359.84965333333326
5429,Soy Protein Powder,9.0,1.0,1.0,Nutritional powder mix (EAS Soy Protein Powder),0.0,607.0,SFA 4:0,G,9.0,9.0,453.592,0.019841619781654,0.019841619781654,1.9841619781654,1.9841619781654,inf,0.0
5430,Soy Protein Powder,9.0,1.0,1.0,Nutritional powder mix (EAS Soy Protein Powder),0.0,614.0,SFA 18:0,G,9.0,9.0,453.592,0.019841619781654,0.019841619781654,1.9841619781654,1.9841619781654,inf,0.0
5431,Soy Protein Powder,9.0,1.0,1.0,Nutritional powder mix (EAS Soy Protein Powder),40.48,269.0,"Sugars, Total",G,9.0,9.0,453.592,0.019841619781654,0.019841619781654,1.9841619781654,1.9841619781654,0.04901585914440218,20.40156017777777
5432,Soy Protein Powder,9.0,1.0,1.0,Nutritional powder mix (EAS Soy Protein Powder),47.62,203.0,Protein,G,9.0,9.0,453.592,0.019841619781654,0.019841619781654,1.9841619781654,1.9841619781654,0.0416665682101092,24.000056711111107
5433,Soy Protein Powder,9.0,1.0,1.0,Nutritional powder mix (EAS Soy Protein Powder),2.29,309.0,"Zinc, Zn",MG,9.0,9.0,453.592,0.019841619781654,0.019841619781654,1.9841619781654,1.9841619781654,0.8664462786748471,1.1541396444444443
5434,Soy Protein Powder,9.0,1.0,1.0,Nutritional powder mix (EAS Soy Protein Powder),405.0,208.0,Energy,KCAL,9.0,9.0,453.592,0.019841619781654,0.019841619781654,1.9841619781654,1.9841619781654,0.004899165378186173,204.11639999999997
5435,Soy Protein Powder,9.0,1.0,1.0,Nutritional powder mix (EAS Soy Protein Powder),6.43,303.0,"Iron, Fe",MG,9.0,9.0,453.592,0.019841619781654,0.019841619781654,1.9841619781654,1.9841619781654,0.3085788457488958,3.2406628444444436
5436,Soy Protein Powder,9.0,1.0,1.0,Nutritional powder mix (EAS Soy Protein Powder),0.0,334.0,"Cryptoxanthin, beta",UG,9.0,9.0,453.592,0.019841619781654,0.019841619781654,1.9841619781654,1.9841619781654,inf,0.0
5437,Soy Protein Powder,9.0,1.0,1.0,Nutritional powder mix (EAS Soy Protein Powder),441.0,305.0,"Phosphorus, P",MG,9.0,9.0,453.592,0.019841619781654,0.019841619781654,1.9841619781654,1.9841619781654,0.004499233510579139,222.26007999999996
5438,Soy Protein Powder,9.0,1.0,1.0,Nutritional powder mix (EAS Soy Protein Powder),0.0,338.0,Lutein + zeaxanthin,UG,9.0,9.0,453.592,0.019841619781654,0.019841619781654,1.9841619781654,1.9841619781654,inf,0.0
5439,Soy Protein Powder,9.0,1.0,1.0,Nutritional powder mix (EAS Soy Protein Powder),0.0,337.0,Lycopene,UG,9.0,9.0,453.592,0.019841619781654,0.019841619781654,1.9841619781654,1.9841619781654,inf,0.0
5440,Soy Protein Powder,9.0,1.0,1.0,Nutritional powder mix (EAS Soy Protein Powder),0.0,431.0,Folic acid,UG,9.0,9.0,453.592,0.019841619781654,0.019841619781654,1.9841619781654,1.9841619781654,inf,0.0
5441,Soy Protein Powder,9.0,1.0,1.0,Nutritional powder mix (EAS Soy Protein Powder),452.0,307.0,"Sodium, Na",MG,9.0,9.0,453.592,0.019841619781654,0.019841619781654,1.9841619781654,1.9841619781654,0.00438973888974646,227.80398222222217
5442,Soy Protein Powder,9.0,1.0,1.0,Nutritional powder mix (EAS Soy Protein Powder),0.0,221.0,"Alcohol, ethyl",G,9.0,9.0,453.592,0.019841619781654,0.019841619781654,1.9841619781654,1.9841619781654,inf,0.0
5443,Soy Protein Powder,9.0,1.0,1.0,Nutritional powder mix (EAS Soy Protein Powder),0.227,619.0,PUFA 18:3,G,9.0,9.0,453.592,0.019841619781654,0.019841619781654,1.9841619781654,1.9841619781654,8.740801665926872,0.1144059822222222
5444,Soy Protein Powder,9.0,1.0,1.0,Nutritional powder mix (EAS Soy Protein Powder),0.1,404.0,Thiamin,MG,9.0,9.0,453.592,0.019841619781654,0.019841619781654,1.9841619781654,1.9841619781654,19.841619781654,0.0503991111111111
5445,Soy Protein Powder,9.0,1.0,1.0,Nutritional powder mix (EAS Soy Protein Powder),100.0,417.0,"Folate, total",UG,9.0,9.0,453.592,0.019841619781654,0.019841619781654,1.9841619781654,1.9841619781654,0.019841619781654,50.399111111111104
5446,Soy Protein Powder,9.0,1.0,1.0,Nutritional powder mix (EAS Soy Protein Powder),0.0,573.0,"Vitamin E, added",MG,9.0,9.0,453.592,0.019841619781654,0.019841619781654,1.9841619781654,1.9841619781654,inf,0.0
5447,Soy Protein Powder,9.0,1.0,1.0,Nutritional powder mix (EAS Soy Protein Powder),0.0,601.0,Cholesterol,MG,9.0,9.0,453.592,0.019841619781654,0.019841619781654,1.9841619781654,1.9841619781654,inf,0.0
5448,Soy Protein Powder,9.0,1.0,1.0,Nutritional powder mix (EAS Soy Protein Powder),2.83,255.0,Water,G,9.0,9.0,453.592,0.019841619781654,0.019841619781654,1.9841619781654,1.9841619781654,0.7011173067722262,1.4262948444444443
5449,Soy Protein Powder,9.0,1.0,1.0,Nutritional powder mix (EAS Soy Protein Powder),1.001,312.0,"Copper, Cu",MG,9.0,9.0,453.592,0.019841619781654,0.019841619781654,1.9841619781654,1.9841619781654,1.9821797983670333,0.504495102222222
5450,Soy Protein Powder,9.0,1.0,1.0,Nutritional powder mix (EAS Soy Protein Powder),0.057,405.0,Riboflavin,MG,9.0,9.0,453.592,0.019841619781654,0.019841619781654,1.9841619781654,1.9841619781654,34.80985926605965,0.02872749333333333
5451,Soy Protein Powder,9.0,1.0,1.0,Nutritional powder mix (EAS Soy Protein Powder),0.0,291.0,"Fiber, total dietary",G,9.0,9.0,453.592,0.019841619781654,0.019841619781654,1.9841619781654,1.9841619781654,inf,0.0
5452,Soy Protein Powder,9.0,1.0,1.0,Nutritional powder mix (EAS Soy Protein Powder),0.0,320.0,"Vitamin A, RAE",UG,9.0,9.0,453.592,0.019841619781654,0.019841619781654,1.9841619781654,1.9841619781654,inf,0.0
5453,Soy Protein Powder,9.0,1.0,1.0,Nutritional powder mix (EAS Soy Protein Powder),0.0,612.0,SFA 14:0,G,9.0,9.0,453.592,0.019841619781654,0.019841619781654,1.9841619781654,1.9841619781654,inf,0.0
5454,Soy Protein Powder,9.0,1.0,1.0,Nutritional powder mix (EAS Soy Protein Powder),0.0,630.0,MUFA 22:1,G,9.0,9.0,453.592,0.019841619781654,0.019841619781654,1.9841619781654,1.9841619781654,inf,0.0
5455,Soy Protein Powder,9.0,1.0,1.0,Nutritional powder mix (EAS Soy Protein Powder),0.0,621.0,PUFA 22:6 n-3 (DHA),G,9.0,9.0,453.592,0.019841619781654,0.019841619781654,1.9841619781654,1.9841619781654,inf,0.0
5456,Soy Protein Powder,9.0,1.0,1.0,Nutritional powder mix (EAS Soy Protein Powder),2.7,430.0,Vitamin K (phylloquinone),UG,9.0,9.0,453.592,0.019841619781654,0.019841619781654,1.9841619781654,1.9841619781654,0.7348748067279259,1.3607759999999998
5457,Soy Protein Powder,9.0,1.0,1.0,Nutritional powder mix (EAS Soy Protein Powder),113.7,421.0,"Choline, total",MG,9.0,9.0,453.592,0.019841619781654,0.019841619781654,1.9841619781654,1.9841619781654,0.0174508529302146,57.30378933333333
5458,Soy Protein Powder,9.0,1.0,1.0,Nutritional powder mix (EAS Soy Protein Powder),0.013,626.0,MUFA 16:1,G,9.0,9.0,453.592,0.019841619781654,0.019841619781654,1.9841619781654,1.9841619781654,152.62784447426156,0.006551884444444443
5459,Soy Protein Powder,9.0,1.0,1.0,Nutritional powder mix (EAS Soy Protein Powder),0.0,578.0,"Vitamin B-12, added",UG,9.0,9.0,453.592,0.019841619781654,0.019841619781654,1.9841619781654,1.9841619781654,inf,0.0
5460,Soy Protein Powder,9.0,1.0,1.0,Nutritional powder mix (EAS Soy Protein Powder),3.57,204.0,Total lipid (fat),G,9.0,9.0,453.592,0.019841619781654,0.019841619781654,1.9841619781654,1.9841619781654,0.5557876689538936,1.7992482666666663
5461,Soy Protein Powder,9.0,1.0,1.0,Nutritional powder mix (EAS Soy Protein Powder),100.0,435.0,"Folate, DFE",UG,9.0,9.0,453.592,0.019841619781654,0.019841619781654,1.9841619781654,1.9841619781654,0.019841619781654,50.399111111111104
5462,Soy Protein Powder,9.0,1.0,1.0,Nutritional powder mix (EAS Soy Protein Powder),0.0,262.0,Caffeine,MG,9.0,9.0,453.592,0.019841619781654,0.019841619781654,1.9841619781654,1.9841619781654,inf,0.0
5463,Soy Protein Powder,9.0,1.0,1.0,Nutritional powder mix (EAS Soy Protein Powder),0.0,608.0,SFA 6:0,G,9.0,9.0,453.592,0.019841619781654,0.019841619781654,1.9841619781654,1.9841619781654,inf,0.0
5464,Soy Protein Powder,9.0,1.0,1.0,Nutritional powder mix (EAS Soy Protein Powder),0.0,418.0,Vitamin B-12,UG,9.0,9.0,453.592,0.019841619781654,0.019841619781654,1.9841619781654,1.9841619781654,inf,0.0
5465,Soy Protein Powder,9.0,1.0,1.0,Nutritional powder mix (EAS Soy Protein Powder),0.0,629.0,PUFA 20:5 n-3 (EPA),G,9.0,9.0,453.592,0.019841619781654,0.019841619781654,1.9841619781654,1.9841619781654,inf,0.0
5466,Soy Protein Powder,9.0,1.0,1.0,Nutritional powder mix (EAS Soy Protein Powder),0.0,620.0,PUFA 20:4,G,9.0,9.0,453.592,0.019841619781654,0.019841619781654,1.9841619781654,1.9841619781654,inf,0.0
5467,Soy Protein Powder,9.0,1.0,1.0,Nutritional powder mix (EAS Soy Protein Powder),0.7,317.0,"Selenium, Se",UG,9.0,9.0,453.592,0.019841619781654,0.019841619781654,1.9841619781654,1.9841619781654,2.8345171116648573,0.3527937777777777
5468,Split Peas,23.99,20.0,2.5,"Split peas, from dried, no added fat",0.0,621.0,PUFA 22:6 n-3 (DHA),G,1.1995,0.47979999999999995,9071.84,0.0026444469920104408,0.0010577787968041763,0.2644446992010441,0.10577787968041763,inf,0.0
5469,Split Peas,23.99,20.0,2.5,"Split peas, from dried, no added fat",0.001,612.0,SFA 14:0,G,1.1995,0.47979999999999995,9071.84,0.0026444469920104408,0.0010577787968041763,0.2644446992010441,0.10577787968041763,105.77787968041763,0.009453772405168821
5470,Split Peas,23.99,20.0,2.5,"Split peas, from dried, no added fat",0.0,626.0,MUFA 16:1,G,1.1995,0.47979999999999995,9071.84,0.0026444469920104408,0.0010577787968041763,0.2644446992010441,0.10577787968041763,inf,0.0
5471,Split Peas,23.99,20.0,2.5,"Split peas, from dried, no added fat",20.97,205.0,"Carbohydrate, by difference",G,1.1995,0.47979999999999995,9071.84,0.0026444469920104408,0.0010577787968041763,0.2644446992010441,0.10577787968041763,0.005044247958055205,198.24560733639018
5472,Split Peas,23.99,20.0,2.5,"Split peas, from dried, no added fat",0.164,646.0,"Fatty acids, total polyunsaturated",G,1.1995,0.47979999999999995,9071.84,0.0026444469920104408,0.0010577787968041763,0.2644446992010441,0.10577787968041763,0.6449870712220587,1.5504186744476869
5473,Split Peas,23.99,20.0,2.5,"Split peas, from dried, no added fat",61.0,432.0,"Folate, food",UG,1.1995,0.47979999999999995,9071.84,0.0026444469920104408,0.0010577787968041763,0.2644446992010441,0.10577787968041763,0.0017340636013183218,576.6801167152981
5474,Split Peas,23.99,20.0,2.5,"Split peas, from dried, no added fat",360.0,306.0,"Potassium, K",MG,1.1995,0.47979999999999995,9071.84,0.0026444469920104408,0.0010577787968041763,0.2644446992010441,0.10577787968041763,0.00029382744355671564,3403.3580658607757
5475,Split Peas,23.99,20.0,2.5,"Split peas, from dried, no added fat",32.6,421.0,"Choline, total",MG,1.1995,0.47979999999999995,9071.84,0.0026444469920104408,0.0010577787968041763,0.2644446992010441,0.10577787968041763,0.003244720235595633,308.1929804085036
5476,Split Peas,23.99,20.0,2.5,"Split peas, from dried, no added fat",0.6,317.0,"Selenium, Se",UG,1.1995,0.47979999999999995,9071.84,0.0026444469920104408,0.0010577787968041763,0.2644446992010441,0.10577787968041763,0.17629646613402938,5.672263443101293
5477,Split Peas,23.99,20.0,2.5,"Split peas, from dried, no added fat",0.0,610.0,SFA 10:0,G,1.1995,0.47979999999999995,9071.84,0.0026444469920104408,0.0010577787968041763,0.2644446992010441,0.10577787968041763,inf,0.0
5478,Split Peas,23.99,20.0,2.5,"Split peas, from dried, no added fat",0.0,322.0,"Carotene, alpha",UG,1.1995,0.47979999999999995,9071.84,0.0026444469920104408,0.0010577787968041763,0.2644446992010441,0.10577787968041763,inf,0.0
5479,Split Peas,23.99,20.0,2.5,"Split peas, from dried, no added fat",5.0,430.0,Vitamin K (phylloquinone),UG,1.1995,0.47979999999999995,9071.84,0.0026444469920104408,0.0010577787968041763,0.2644446992010441,0.10577787968041763,0.021155575936083526,47.26886202584411
5480,Split Peas,23.99,20.0,2.5,"Split peas, from dried, no added fat",0.0,263.0,Theobromine,MG,1.1995,0.47979999999999995,9071.84,0.0026444469920104408,0.0010577787968041763,0.2644446992010441,0.10577787968041763,inf,0.0
5481,Split Peas,23.99,20.0,2.5,"Split peas, from dried, no added fat",0.99,309.0,"Zinc, Zn",MG,1.1995,0.47979999999999995,9071.84,0.0026444469920104408,0.0010577787968041763,0.2644446992010441,0.10577787968041763,0.10684634311153296,9.359234681117133
5482,Split Peas,23.99,20.0,2.5,"Split peas, from dried, no added fat",0.0,328.0,Vitamin D (D2 + D3),UG,1.1995,0.47979999999999995,9071.84,0.0026444469920104408,0.0010577787968041763,0.2644446992010441,0.10577787968041763,inf,0.0
5483,Split Peas,23.99,20.0,2.5,"Split peas, from dried, no added fat",0.39,204.0,Total lipid (fat),G,1.1995,0.47979999999999995,9071.84,0.0026444469920104408,0.0010577787968041763,0.2644446992010441,0.10577787968041763,0.27122533251389136,3.6869712380158406
5484,Split Peas,23.99,20.0,2.5,"Split peas, from dried, no added fat",0.054,606.0,"Fatty acids, total saturated",G,1.1995,0.47979999999999995,9071.84,0.0026444469920104408,0.0010577787968041763,0.2644446992010441,0.10577787968041763,1.9588496237114377,0.5105037098791163
5485,Split Peas,23.99,20.0,2.5,"Split peas, from dried, no added fat",8.29,203.0,Protein,G,1.1995,0.47979999999999995,9071.84,0.0026444469920104408,0.0010577787968041763,0.2644446992010441,0.10577787968041763,0.012759695980750017,78.37177323884953
5486,Split Peas,23.99,20.0,2.5,"Split peas, from dried, no added fat",0.081,645.0,"Fatty acids, total monounsaturated",G,1.1995,0.47979999999999995,9071.84,0.0026444469920104408,0.0010577787968041763,0.2644446992010441,0.10577787968041763,1.3058997491409583,0.7657555648186746
5487,Split Peas,23.99,20.0,2.5,"Split peas, from dried, no added fat",0.003,628.0,MUFA 20:1,G,1.1995,0.47979999999999995,9071.84,0.0026444469920104408,0.0010577787968041763,0.2644446992010441,0.10577787968041763,35.25929322680587,0.028361317215506464
5488,Split Peas,23.99,20.0,2.5,"Split peas, from dried, no added fat",0.0,627.0,PUFA 18:4,G,1.1995,0.47979999999999995,9071.84,0.0026444469920104408,0.0010577787968041763,0.2644446992010441,0.10577787968041763,inf,0.0
5489,Split Peas,23.99,20.0,2.5,"Split peas, from dried, no added fat",0.0,337.0,Lycopene,UG,1.1995,0.47979999999999995,9071.84,0.0026444469920104408,0.0010577787968041763,0.2644446992010441,0.10577787968041763,inf,0.0
5490,Split Peas,23.99,20.0,2.5,"Split peas, from dried, no added fat",69.08,255.0,Water,G,1.1995,0.47979999999999995,9071.84,0.0026444469920104408,0.0010577787968041763,0.2644446992010441,0.10577787968041763,0.001531237401279931,653.0665977490622
5491,Split Peas,23.99,20.0,2.5,"Split peas, from dried, no added fat",0.0,338.0,Lutein + zeaxanthin,UG,1.1995,0.47979999999999995,9071.84,0.0026444469920104408,0.0010577787968041763,0.2644446992010441,0.10577787968041763,inf,0.0
5492,Split Peas,23.99,20.0,2.5,"Split peas, from dried, no added fat",0.0,607.0,SFA 4:0,G,1.1995,0.47979999999999995,9071.84,0.0026444469920104408,0.0010577787968041763,0.2644446992010441,0.10577787968041763,inf,0.0
5493,Split Peas,23.99,20.0,2.5,"Split peas, from dried, no added fat",0.0,578.0,"Vitamin B-12, added",UG,1.1995,0.47979999999999995,9071.84,0.0026444469920104408,0.0010577787968041763,0.2644446992010441,0.10577787968041763,inf,0.0
5494,Split Peas,23.99,20.0,2.5,"Split peas, from dried, no added fat",61.0,435.0,"Folate, DFE",UG,1.1995,0.47979999999999995,9071.84,0.0026444469920104408,0.0010577787968041763,0.2644446992010441,0.10577787968041763,0.0017340636013183218,576.6801167152981
5495,Split Peas,23.99,20.0,2.5,"Split peas, from dried, no added fat",0.03,323.0,Vitamin E (alpha-tocopherol),MG,1.1995,0.47979999999999995,9071.84,0.0026444469920104408,0.0010577787968041763,0.2644446992010441,0.10577787968041763,3.5259293226805877,0.28361317215506465
5496,Split Peas,23.99,20.0,2.5,"Split peas, from dried, no added fat",61.0,417.0,"Folate, total",UG,1.1995,0.47979999999999995,9071.84,0.0026444469920104408,0.0010577787968041763,0.2644446992010441,0.10577787968041763,0.0017340636013183218,576.6801167152981
5497,Split Peas,23.99,20.0,2.5,"Split peas, from dried, no added fat",0.042,613.0,SFA 16:0,G,1.1995,0.47979999999999995,9071.84,0.0026444469920104408,0.0010577787968041763,0.2644446992010441,0.10577787968041763,2.5185209447718484,0.39705844101709054
5498,Split Peas,23.99,20.0,2.5,"Split peas, from dried, no added fat",0.0,431.0,Folic acid,UG,1.1995,0.47979999999999995,9071.84,0.0026444469920104408,0.0010577787968041763,0.2644446992010441,0.10577787968041763,inf,0.0
5499,Split Peas,23.99,20.0,2.5,"Split peas, from dried, no added fat",0.045,415.0,Vitamin B-6,MG,1.1995,0.47979999999999995,9071.84,0.0026444469920104408,0.0010577787968041763,0.2644446992010441,0.10577787968041763,2.350619548453725,0.425419758232597
5500,Split Peas,23.99,20.0,2.5,"Split peas, from dried, no added fat",8.2,291.0,"Fiber, total dietary",G,1.1995,0.47979999999999995,9071.84,0.0026444469920104408,0.0010577787968041763,0.2644446992010441,0.10577787968041763,0.012899741424441176,77.52093372238433
5501,Split Peas,23.99,20.0,2.5,"Split peas, from dried, no added fat",0.0,620.0,PUFA 20:4,G,1.1995,0.47979999999999995,9071.84,0.0026444469920104408,0.0010577787968041763,0.2644446992010441,0.10577787968041763,inf,0.0
5502,Split Peas,23.99,20.0,2.5,"Split peas, from dried, no added fat",2.88,269.0,"Sugars, Total",G,1.1995,0.47979999999999995,9071.84,0.0026444469920104408,0.0010577787968041763,0.2644446992010441,0.10577787968041763,0.036728430444589455,27.226864526886207
5503,Split Peas,23.99,20.0,2.5,"Split peas, from dried, no added fat",0.0,262.0,Caffeine,MG,1.1995,0.47979999999999995,9071.84,0.0026444469920104408,0.0010577787968041763,0.2644446992010441,0.10577787968041763,inf,0.0
5504,Split Peas,23.99,20.0,2.5,"Split peas, from dried, no added fat",0.0,609.0,SFA 8:0,G,1.1995,0.47979999999999995,9071.84,0.0026444469920104408,0.0010577787968041763,0.2644446992010441,0.10577787968041763,inf,0.0
5505,Split Peas,23.99,20.0,2.5,"Split peas, from dried, no added fat",0.0,221.0,"Alcohol, ethyl",G,1.1995,0.47979999999999995,9071.84,0.0026444469920104408,0.0010577787968041763,0.2644446992010441,0.10577787968041763,inf,0.0
5506,Split Peas,23.99,20.0,2.5,"Split peas, from dried, no added fat",0.0,573.0,"Vitamin E, added",MG,1.1995,0.47979999999999995,9071.84,0.0026444469920104408,0.0010577787968041763,0.2644446992010441,0.10577787968041763,inf,0.0
5507,Split Peas,23.99,20.0,2.5,"Split peas, from dried, no added fat",0.0,631.0,PUFA 22:5 n-3 (DPA),G,1.1995,0.47979999999999995,9071.84,0.0026444469920104408,0.0010577787968041763,0.2644446992010441,0.10577787968041763,inf,0.0
5508,Split Peas,23.99,20.0,2.5,"Split peas, from dried, no added fat",4.0,321.0,"Carotene, beta",UG,1.1995,0.47979999999999995,9071.84,0.0026444469920104408,0.0010577787968041763,0.2644446992010441,0.10577787968041763,0.026444469920104408,37.81508962067529
5509,Split Peas,23.99,20.0,2.5,"Split peas, from dried, no added fat",233.0,307.0,"Sodium, Na",MG,1.1995,0.47979999999999995,9071.84,0.0026444469920104408,0.0010577787968041763,0.2644446992010441,0.10577787968041763,0.0004539823162249684,2202.7289704043355
5510,Split Peas,23.99,20.0,2.5,"Split peas, from dried, no added fat",36.0,304.0,"Magnesium, Mg",MG,1.1995,0.47979999999999995,9071.84,0.0026444469920104408,0.0010577787968041763,0.2644446992010441,0.10577787968041763,0.0029382744355671564,340.3358065860776
5511,Split Peas,23.99,20.0,2.5,"Split peas, from dried, no added fat",117.0,208.0,Energy,KCAL,1.1995,0.47979999999999995,9071.84,0.0026444469920104408,0.0010577787968041763,0.2644446992010441,0.10577787968041763,0.0009040844417129712,1106.0913714047522
5512,Split Peas,23.99,20.0,2.5,"Split peas, from dried, no added fat",0.18,312.0,"Copper, Cu",MG,1.1995,0.47979999999999995,9071.84,0.0026444469920104408,0.0010577787968041763,0.2644446992010441,0.10577787968041763,0.5876548871134313,1.701679032930388
5513,Split Peas,23.99,20.0,2.5,"Split peas, from dried, no added fat",0.077,617.0,MUFA 18:1,G,1.1995,0.47979999999999995,9071.84,0.0026444469920104408,0.0010577787968041763,0.2644446992010441,0.10577787968041763,1.373738697148281,0.7279404751979992
5514,Split Peas,23.99,20.0,2.5,"Split peas, from dried, no added fat",0.053,405.0,Riboflavin,MG,1.1995,0.47979999999999995,9071.84,0.0026444469920104408,0.0010577787968041763,0.2644446992010441,0.10577787968041763,1.9958090505739177,0.5010499374739475
5515,Split Peas,23.99,20.0,2.5,"Split peas, from dried, no added fat",0.136,618.0,PUFA 18:2,G,1.1995,0.47979999999999995,9071.84,0.0026444469920104408,0.0010577787968041763,0.2644446992010441,0.10577787968041763,0.7777785270618943,1.2857130471029599
5516,Split Peas,23.99,20.0,2.5,"Split peas, from dried, no added fat",14.0,301.0,"Calcium, Ca",MG,1.1995,0.47979999999999995,9071.84,0.0026444469920104408,0.0010577787968041763,0.2644446992010441,0.10577787968041763,0.007555562834315545,132.3528136723635
5517,Split Peas,23.99,20.0,2.5,"Split peas, from dried, no added fat",0.84,406.0,Niacin,MG,1.1995,0.47979999999999995,9071.84,0.0026444469920104408,0.0010577787968041763,0.2644446992010441,0.10577787968041763,0.1259260472385924,7.94116882034181
5518,Split Peas,23.99,20.0,2.5,"Split peas, from dried, no added fat",0.179,404.0,Thiamin,MG,1.1995,0.47979999999999995,9071.84,0.0026444469920104408,0.0010577787968041763,0.2644446992010441,0.10577787968041763,0.5909378753095957,1.692225260525219
5519,Split Peas,23.99,20.0,2.5,"Split peas, from dried, no added fat",0.0,418.0,Vitamin B-12,UG,1.1995,0.47979999999999995,9071.84,0.0026444469920104408,0.0010577787968041763,0.2644446992010441,0.10577787968041763,inf,0.0
5520,Split Peas,23.99,20.0,2.5,"Split peas, from dried, no added fat",0.0,630.0,MUFA 22:1,G,1.1995,0.47979999999999995,9071.84,0.0026444469920104408,0.0010577787968041763,0.2644446992010441,0.10577787968041763,inf,0.0
5521,Split Peas,23.99,20.0,2.5,"Split peas, from dried, no added fat",1.28,303.0,"Iron, Fe",MG,1.1995,0.47979999999999995,9071.84,0.0026444469920104408,0.0010577787968041763,0.2644446992010441,0.10577787968041763,0.08263896850032627,12.100828678616091
5522,Split Peas,23.99,20.0,2.5,"Split peas, from dried, no added fat",0.0,334.0,"Cryptoxanthin, beta",UG,1.1995,0.47979999999999995,9071.84,0.0026444469920104408,0.0010577787968041763,0.2644446992010441,0.10577787968041763,inf,0.0
5523,Split Peas,23.99,20.0,2.5,"Split peas, from dried, no added fat",0.028,619.0,PUFA 18:3,G,1.1995,0.47979999999999995,9071.84,0.0026444469920104408,0.0010577787968041763,0.2644446992010441,0.10577787968041763,3.7777814171577724,0.264705627344727
5524,Split Peas,23.99,20.0,2.5,"Split peas, from dried, no added fat",0.0,320.0,"Vitamin A, RAE",UG,1.1995,0.47979999999999995,9071.84,0.0026444469920104408,0.0010577787968041763,0.2644446992010441,0.10577787968041763,inf,0.0
5525,Split Peas,23.99,20.0,2.5,"Split peas, from dried, no added fat",98.0,305.0,"Phosphorus, P",MG,1.1995,0.47979999999999995,9071.84,0.0026444469920104408,0.0010577787968041763,0.2644446992010441,0.10577787968041763,0.001079366119187935,926.4696957065445
5526,Split Peas,23.99,20.0,2.5,"Split peas, from dried, no added fat",0.0,629.0,PUFA 20:5 n-3 (EPA),G,1.1995,0.47979999999999995,9071.84,0.0026444469920104408,0.0010577787968041763,0.2644446992010441,0.10577787968041763,inf,0.0
5527,Split Peas,23.99,20.0,2.5,"Split peas, from dried, no added fat",0.01,614.0,SFA 18:0,G,1.1995,0.47979999999999995,9071.84,0.0026444469920104408,0.0010577787968041763,0.2644446992010441,0.10577787968041763,10.577787968041763,0.09453772405168821
5528,Split Peas,23.99,20.0,2.5,"Split peas, from dried, no added fat",0.0,601.0,Cholesterol,MG,1.1995,0.47979999999999995,9071.84,0.0026444469920104408,0.0010577787968041763,0.2644446992010441,0.10577787968041763,inf,0.0
5529,Split Peas,23.99,20.0,2.5,"Split peas, from dried, no added fat",0.001,611.0,SFA 12:0,G,1.1995,0.47979999999999995,9071.84,0.0026444469920104408,0.0010577787968041763,0.2644446992010441,0.10577787968041763,105.77787968041763,0.009453772405168821
5530,Split Peas,23.99,20.0,2.5,"Split peas, from dried, no added fat",0.4,401.0,"Vitamin C, total ascorbic acid",MG,1.1995,0.47979999999999995,9071.84,0.0026444469920104408,0.0010577787968041763,0.2644446992010441,0.10577787968041763,0.2644446992010441,3.781508962067529
5531,Split Peas,23.99,20.0,2.5,"Split peas, from dried, no added fat",0.0,319.0,Retinol,UG,1.1995,0.47979999999999995,9071.84,0.0026444469920104408,0.0010577787968041763,0.2644446992010441,0.10577787968041763,inf,0.0
5532,Split Peas,23.99,20.0,2.5,"Split peas, from dried, no added fat",0.0,608.0,SFA 6:0,G,1.1995,0.47979999999999995,9071.84,0.0026444469920104408,0.0010577787968041763,0.2644446992010441,0.10577787968041763,inf,0.0
5533,Whole Milk,3.19,8.0,1.0,"Milk, whole",0.0,303.0,"Iron, Fe",MG,0.39875,0.39875,3628.736,0.0008790939875482813,0.0008790939875482813,0.08790939875482813,0.08790939875482813,inf,0.0
5534,Whole Milk,3.19,8.0,1.0,"Milk, whole",88.1,255.0,Water,G,0.39875,0.39875,3628.736,0.0008790939875482813,0.0008790939875482813,0.08790939875482813,0.08790939875482813,0.00099783653524209,1002.1681554858933
5535,Whole Milk,3.19,8.0,1.0,"Milk, whole",1.1,328.0,Vitamin D (D2 + D3),UG,0.39875,0.39875,3628.736,0.0008790939875482813,0.0008790939875482813,0.08790939875482813,0.08790939875482813,0.07991763523166193,12.512882758620691
5536,Whole Milk,3.19,8.0,1.0,"Milk, whole",4.81,269.0,"Sugars, Total",G,0.39875,0.39875,3628.736,0.0008790939875482813,0.0008790939875482813,0.08790939875482813,0.08790939875482813,0.018276382277511046,54.715423699059556
5537,Whole Milk,3.19,8.0,1.0,"Milk, whole",0.084,610.0,SFA 10:0,G,0.39875,0.39875,3628.736,0.0008790939875482813,0.0008790939875482813,0.08790939875482813,0.08790939875482813,1.0465404613670015,0.9555292288401254
5538,Whole Milk,3.19,8.0,1.0,"Milk, whole",0.303,612.0,SFA 14:0,G,0.39875,0.39875,3628.736,0.0008790939875482813,0.0008790939875482813,0.08790939875482813,0.08790939875482813,0.2901300288938222,3.4467304326018806
5539,Whole Milk,3.19,8.0,1.0,"Milk, whole",61.0,208.0,Energy,KCAL,0.39875,0.39875,3628.736,0.0008790939875482813,0.0008790939875482813,0.08790939875482813,0.08790939875482813,0.0014411376845053791,693.8962257053291
5540,Whole Milk,3.19,8.0,1.0,"Milk, whole",31.0,319.0,Retinol,UG,0.39875,0.39875,3628.736,0.0008790939875482813,0.0008790939875482813,0.08790939875482813,0.08790939875482813,0.002835787056607359,352.6357868338558
5541,Whole Milk,3.19,8.0,1.0,"Milk, whole",0.0,221.0,"Alcohol, ethyl",G,0.39875,0.39875,3628.736,0.0008790939875482813,0.0008790939875482813,0.08790939875482813,0.08790939875482813,inf,0.0
5542,Whole Milk,3.19,8.0,1.0,"Milk, whole",0.05,323.0,Vitamin E (alpha-tocopherol),MG,0.39875,0.39875,3628.736,0.0008790939875482813,0.0008790939875482813,0.08790939875482813,0.08790939875482813,1.7581879750965625,0.5687673981191222
5543,Whole Milk,3.19,8.0,1.0,"Milk, whole",0.0,322.0,"Carotene, alpha",UG,0.39875,0.39875,3628.736,0.0008790939875482813,0.0008790939875482813,0.08790939875482813,0.08790939875482813,inf,0.0
5544,Whole Milk,3.19,8.0,1.0,"Milk, whole",3.2,204.0,Total lipid (fat),G,0.39875,0.39875,3628.736,0.0008790939875482813,0.0008790939875482813,0.08790939875482813,0.08790939875482813,0.02747168711088379,36.401113479623824
5545,Whole Milk,3.19,8.0,1.0,"Milk, whole",12.0,304.0,"Magnesium, Mg",MG,0.39875,0.39875,3628.736,0.0008790939875482813,0.0008790939875482813,0.08790939875482813,0.08790939875482813,0.007325783229569011,136.50417554858933
5546,Whole Milk,3.19,8.0,1.0,"Milk, whole",0.105,406.0,Niacin,MG,0.39875,0.39875,3628.736,0.0008790939875482813,0.0008790939875482813,0.08790939875482813,0.08790939875482813,0.8372323690936013,1.1944115360501566
5547,Whole Milk,3.19,8.0,1.0,"Milk, whole",0.0,338.0,Lutein + zeaxanthin,UG,0.39875,0.39875,3628.736,0.0008790939875482813,0.0008790939875482813,0.08790939875482813,0.08790939875482813,inf,0.0
5548,Whole Milk,3.19,8.0,1.0,"Milk, whole",0.0,621.0,PUFA 22:6 n-3 (DHA),G,0.39875,0.39875,3628.736,0.0008790939875482813,0.0008790939875482813,0.08790939875482813,0.08790939875482813,inf,0.0
5549,Whole Milk,3.19,8.0,1.0,"Milk, whole",4.63,205.0,"Carbohydrate, by difference",G,0.39875,0.39875,3628.736,0.0008790939875482813,0.0008790939875482813,0.08790939875482813,0.08790939875482813,0.018986911178148623,52.66786106583072
5550,Whole Milk,3.19,8.0,1.0,"Milk, whole",12.0,601.0,Cholesterol,MG,0.39875,0.39875,3628.736,0.0008790939875482813,0.0008790939875482813,0.08790939875482813,0.08790939875482813,0.007325783229569011,136.50417554858933
5551,Whole Milk,3.19,8.0,1.0,"Milk, whole",0.108,646.0,"Fatty acids, total polyunsaturated",G,0.39875,0.39875,3628.736,0.0008790939875482813,0.0008790939875482813,0.08790939875482813,0.08790939875482813,0.8139759143965568,1.228537579937304
5552,Whole Milk,3.19,8.0,1.0,"Milk, whole",0.688,645.0,"Fatty acids, total monounsaturated",G,0.39875,0.39875,3628.736,0.0008790939875482813,0.0008790939875482813,0.08790939875482813,0.08790939875482813,0.1277752888878316,7.826239398119121
5553,Whole Milk,3.19,8.0,1.0,"Milk, whole",0.857,613.0,SFA 16:0,G,0.39875,0.39875,3628.736,0.0008790939875482813,0.0008790939875482813,0.08790939875482813,0.08790939875482813,0.10257806155755908,9.748673203761754
5554,Whole Milk,3.19,8.0,1.0,"Milk, whole",0.0,401.0,"Vitamin C, total ascorbic acid",MG,0.39875,0.39875,3628.736,0.0008790939875482813,0.0008790939875482813,0.08790939875482813,0.08790939875482813,inf,0.0
5555,Whole Milk,3.19,8.0,1.0,"Milk, whole",0.067,607.0,SFA 4:0,G,0.39875,0.39875,3628.736,0.0008790939875482813,0.0008790939875482813,0.08790939875482813,0.08790939875482813,1.3120805784302705,0.7621483134796239
5556,Whole Milk,3.19,8.0,1.0,"Milk, whole",0.42,309.0,"Zinc, Zn",MG,0.39875,0.39875,3628.736,0.0008790939875482813,0.0008790939875482813,0.08790939875482813,0.08790939875482813,0.20930809227340033,4.777646144200626
5557,Whole Milk,3.19,8.0,1.0,"Milk, whole",0.0,417.0,"Folate, total",UG,0.39875,0.39875,3628.736,0.0008790939875482813,0.0008790939875482813,0.08790939875482813,0.08790939875482813,inf,0.0
5558,Whole Milk,3.19,8.0,1.0,"Milk, whole",17.8,421.0,"Choline, total",MG,0.39875,0.39875,3628.736,0.0008790939875482813,0.0008790939875482813,0.08790939875482813,0.08790939875482813,0.004938730267125176,202.4811937304075
5559,Whole Milk,3.19,8.0,1.0,"Milk, whole",0.694,617.0,MUFA 18:1,G,0.39875,0.39875,3628.736,0.0008790939875482813,0.0008790939875482813,0.08790939875482813,0.08790939875482813,0.1266706033931241,7.8944914858934165
5560,Whole Milk,3.19,8.0,1.0,"Milk, whole",0.0,573.0,"Vitamin E, added",MG,0.39875,0.39875,3628.736,0.0008790939875482813,0.0008790939875482813,0.08790939875482813,0.08790939875482813,inf,0.0
5561,Whole Milk,3.19,8.0,1.0,"Milk, whole",0.013,619.0,PUFA 18:3,G,0.39875,0.39875,3628.736,0.0008790939875482813,0.0008790939875482813,0.08790939875482813,0.08790939875482813,6.762261442679088,0.14787952351097178
5562,Whole Milk,3.19,8.0,1.0,"Milk, whole",0.061,415.0,Vitamin B-6,MG,0.39875,0.39875,3628.736,0.0008790939875482813,0.0008790939875482813,0.08790939875482813,0.08790939875482813,1.4411376845053792,0.6938962257053292
5563,Whole Milk,3.19,8.0,1.0,"Milk, whole",0.004,628.0,MUFA 20:1,G,0.39875,0.39875,3628.736,0.0008790939875482813,0.0008790939875482813,0.08790939875482813,0.08790939875482813,21.977349688707033,0.04550139184952978
5564,Whole Milk,3.19,8.0,1.0,"Milk, whole",0.3,430.0,Vitamin K (phylloquinone),UG,0.39875,0.39875,3628.736,0.0008790939875482813,0.0008790939875482813,0.08790939875482813,0.08790939875482813,0.2930313291827604,3.4126043887147333
5565,Whole Milk,3.19,8.0,1.0,"Milk, whole",3.27,203.0,Protein,G,0.39875,0.39875,3628.736,0.0008790939875482813,0.0008790939875482813,0.08790939875482813,0.08790939875482813,0.026883608181904627,37.19738783699059
5566,Whole Milk,3.19,8.0,1.0,"Milk, whole",0.0,627.0,PUFA 18:4,G,0.39875,0.39875,3628.736,0.0008790939875482813,0.0008790939875482813,0.08790939875482813,0.08790939875482813,inf,0.0
5567,Whole Milk,3.19,8.0,1.0,"Milk, whole",0.004,620.0,PUFA 20:4,G,0.39875,0.39875,3628.736,0.0008790939875482813,0.0008790939875482813,0.08790939875482813,0.08790939875482813,21.977349688707033,0.04550139184952978
5568,Whole Milk,3.19,8.0,1.0,"Milk, whole",0.097,611.0,SFA 12:0,G,0.39875,0.39875,3628.736,0.0008790939875482813,0.0008790939875482813,0.08790939875482813,0.08790939875482813,0.9062824613899807,1.1034087523510971
5569,Whole Milk,3.19,8.0,1.0,"Milk, whole",0.138,405.0,Riboflavin,MG,0.39875,0.39875,3628.736,0.0008790939875482813,0.0008790939875482813,0.08790939875482813,0.08790939875482813,0.6370246286581748,1.5697980188087775
5570,Whole Milk,3.19,8.0,1.0,"Milk, whole",0.0,263.0,Theobromine,MG,0.39875,0.39875,3628.736,0.0008790939875482813,0.0008790939875482813,0.08790939875482813,0.08790939875482813,inf,0.0
5571,Whole Milk,3.19,8.0,1.0,"Milk, whole",7.0,321.0,"Carotene, beta",UG,0.39875,0.39875,3628.736,0.0008790939875482813,0.0008790939875482813,0.08790939875482813,0.08790939875482813,0.012558485536404018,79.62743573667711
5572,Whole Milk,3.19,8.0,1.0,"Milk, whole",0.0,337.0,Lycopene,UG,0.39875,0.39875,3628.736,0.0008790939875482813,0.0008790939875482813,0.08790939875482813,0.08790939875482813,inf,0.0
5573,Whole Milk,3.19,8.0,1.0,"Milk, whole",0.0,334.0,"Cryptoxanthin, beta",UG,0.39875,0.39875,3628.736,0.0008790939875482813,0.0008790939875482813,0.08790939875482813,0.08790939875482813,inf,0.0
5574,Whole Milk,3.19,8.0,1.0,"Milk, whole",0.0,291.0,"Fiber, total dietary",G,0.39875,0.39875,3628.736,0.0008790939875482813,0.0008790939875482813,0.08790939875482813,0.08790939875482813,inf,0.0
5575,Whole Milk,3.19,8.0,1.0,"Milk, whole",0.0,578.0,"Vitamin B-12, added",UG,0.39875,0.39875,3628.736,0.0008790939875482813,0.0008790939875482813,0.08790939875482813,0.08790939875482813,inf,0.0
5576,Whole Milk,3.19,8.0,1.0,"Milk, whole",0.054,608.0,SFA 6:0,G,0.39875,0.39875,3628.736,0.0008790939875482813,0.0008790939875482813,0.08790939875482813,0.08790939875482813,1.6279518287931136,0.614268789968652
5577,Whole Milk,3.19,8.0,1.0,"Milk, whole",1.86,606.0,"Fatty acids, total saturated",G,0.39875,0.39875,3628.736,0.0008790939875482813,0.0008790939875482813,0.08790939875482813,0.08790939875482813,0.04726311761012265,21.15814721003135
5578,Whole Milk,3.19,8.0,1.0,"Milk, whole",0.115,618.0,PUFA 18:2,G,0.39875,0.39875,3628.736,0.0008790939875482813,0.0008790939875482813,0.08790939875482813,0.08790939875482813,0.7644295543898098,1.3081650156739812
5579,Whole Milk,3.19,8.0,1.0,"Milk, whole",32.0,320.0,"Vitamin A, RAE",UG,0.39875,0.39875,3628.736,0.0008790939875482813,0.0008790939875482813,0.08790939875482813,0.08790939875482813,0.002747168711088379,364.01113479623825
5580,Whole Milk,3.19,8.0,1.0,"Milk, whole",0.002,631.0,PUFA 22:5 n-3 (DPA),G,0.39875,0.39875,3628.736,0.0008790939875482813,0.0008790939875482813,0.08790939875482813,0.08790939875482813,43.954699377414066,0.02275069592476489
5581,Whole Milk,3.19,8.0,1.0,"Milk, whole",0.0,262.0,Caffeine,MG,0.39875,0.39875,3628.736,0.0008790939875482813,0.0008790939875482813,0.08790939875482813,0.08790939875482813,inf,0.0
5582,Whole Milk,3.19,8.0,1.0,"Milk, whole",0.0,630.0,MUFA 22:1,G,0.39875,0.39875,3628.736,0.0008790939875482813,0.0008790939875482813,0.08790939875482813,0.08790939875482813,inf,0.0
5583,Whole Milk,3.19,8.0,1.0,"Milk, whole",0.034,609.0,SFA 8:0,G,0.39875,0.39875,3628.736,0.0008790939875482813,0.0008790939875482813,0.08790939875482813,0.08790939875482813,2.5855705516125917,0.3867618307210032
5584,Whole Milk,3.19,8.0,1.0,"Milk, whole",0.047,626.0,MUFA 16:1,G,0.39875,0.39875,3628.736,0.0008790939875482813,0.0008790939875482813,0.08790939875482813,0.08790939875482813,1.8704127394644283,0.5346413542319749
5585,Whole Milk,3.19,8.0,1.0,"Milk, whole",0.54,418.0,Vitamin B-12,UG,0.39875,0.39875,3628.736,0.0008790939875482813,0.0008790939875482813,0.08790939875482813,0.08790939875482813,0.16279518287931133,6.14268789968652
5586,Whole Milk,3.19,8.0,1.0,"Milk, whole",123.0,301.0,"Calcium, Ca",MG,0.39875,0.39875,3628.736,0.0008790939875482813,0.0008790939875482813,0.08790939875482813,0.08790939875482813,0.0007147105589823425,1399.1677993730407
5587,Whole Milk,3.19,8.0,1.0,"Milk, whole",38.0,307.0,"Sodium, Na",MG,0.39875,0.39875,3628.736,0.0008790939875482813,0.0008790939875482813,0.08790939875482813,0.08790939875482813,0.002313405230390214,432.2632225705329
5588,Whole Milk,3.19,8.0,1.0,"Milk, whole",0.309,614.0,SFA 18:0,G,0.39875,0.39875,3628.736,0.0008790939875482813,0.0008790939875482813,0.08790939875482813,0.08790939875482813,0.28449643609976744,3.5149825203761753
5589,Whole Milk,3.19,8.0,1.0,"Milk, whole",1.9,317.0,"Selenium, Se",UG,0.39875,0.39875,3628.736,0.0008790939875482813,0.0008790939875482813,0.08790939875482813,0.08790939875482813,0.04626810460780428,21.613161128526645
5590,Whole Milk,3.19,8.0,1.0,"Milk, whole",0.001,629.0,PUFA 20:5 n-3 (EPA),G,0.39875,0.39875,3628.736,0.0008790939875482813,0.0008790939875482813,0.08790939875482813,0.08790939875482813,87.90939875482813,0.011375347962382445
5591,Whole Milk,3.19,8.0,1.0,"Milk, whole",0.0,431.0,Folic acid,UG,0.39875,0.39875,3628.736,0.0008790939875482813,0.0008790939875482813,0.08790939875482813,0.08790939875482813,inf,0.0
5592,Whole Milk,3.19,8.0,1.0,"Milk, whole",150.0,306.0,"Potassium, K",MG,0.39875,0.39875,3628.736,0.0008790939875482813,0.0008790939875482813,0.08790939875482813,0.08790939875482813,0.0005860626583655209,1706.3021943573667
5593,Whole Milk,3.19,8.0,1.0,"Milk, whole",0.056,404.0,Thiamin,MG,0.39875,0.39875,3628.736,0.0008790939875482813,0.0008790939875482813,0.08790939875482813,0.08790939875482813,1.5698106920505024,0.637019485893417
5594,Whole Milk,3.19,8.0,1.0,"Milk, whole",0.0,435.0,"Folate, DFE",UG,0.39875,0.39875,3628.736,0.0008790939875482813,0.0008790939875482813,0.08790939875482813,0.08790939875482813,inf,0.0
5595,Whole Milk,3.19,8.0,1.0,"Milk, whole",0.0,432.0,"Folate, food",UG,0.39875,0.39875,3628.736,0.0008790939875482813,0.0008790939875482813,0.08790939875482813,0.08790939875482813,inf,0.0
5596,Whole Milk,3.19,8.0,1.0,"Milk, whole",0.001,312.0,"Copper, Cu",MG,0.39875,0.39875,3628.736,0.0008790939875482813,0.0008790939875482813,0.08790939875482813,0.08790939875482813,87.90939875482813,0.011375347962382445
5597,Whole Milk,3.19,8.0,1.0,"Milk, whole",101.0,305.0,"Phosphorus, P",MG,0.39875,0.39875,3628.736,0.0008790939875482813,0.0008790939875482813,0.08790939875482813,0.08790939875482813,0.0008703900866814667,1148.910144200627
5598,Skim Milk,3.19,8.0,1.0,"Milk, fat free (skim)",0.001,609.0,SFA 8:0,G,0.39875,0.39875,3628.736,0.0008790939875482813,0.0008790939875482813,0.08790939875482813,0.08790939875482813,87.90939875482813,0.011375347962382445
5599,Skim Milk,3.19,8.0,1.0,"Milk, fat free (skim)",0.0,401.0,"Vitamin C, total ascorbic acid",MG,0.39875,0.39875,3628.736,0.0008790939875482813,0.0008790939875482813,0.08790939875482813,0.08790939875482813,inf,0.0
5600,Skim Milk,3.19,8.0,1.0,"Milk, fat free (skim)",0.002,610.0,SFA 10:0,G,0.39875,0.39875,3628.736,0.0008790939875482813,0.0008790939875482813,0.08790939875482813,0.08790939875482813,43.954699377414066,0.02275069592476489
5601,Skim Milk,3.19,8.0,1.0,"Milk, fat free (skim)",132.0,301.0,"Calcium, Ca",MG,0.39875,0.39875,3628.736,0.0008790939875482813,0.0008790939875482813,0.08790939875482813,0.08790939875482813,0.0006659802935971829,1501.5459310344827
5602,Skim Milk,3.19,8.0,1.0,"Milk, fat free (skim)",2.0,435.0,"Folate, DFE",UG,0.39875,0.39875,3628.736,0.0008790939875482813,0.0008790939875482813,0.08790939875482813,0.08790939875482813,0.043954699377414065,22.75069592476489
5603,Skim Milk,3.19,8.0,1.0,"Milk, fat free (skim)",0.08,204.0,Total lipid (fat),G,0.39875,0.39875,3628.736,0.0008790939875482813,0.0008790939875482813,0.08790939875482813,0.08790939875482813,1.0988674844353516,0.9100278369905956
5604,Skim Milk,3.19,8.0,1.0,"Milk, fat free (skim)",3.43,203.0,Protein,G,0.39875,0.39875,3628.736,0.0008790939875482813,0.0008790939875482813,0.08790939875482813,0.08790939875482813,0.025629562319191872,39.01744351097179
5605,Skim Milk,3.19,8.0,1.0,"Milk, fat free (skim)",0.0,303.0,"Iron, Fe",MG,0.39875,0.39875,3628.736,0.0008790939875482813,0.0008790939875482813,0.08790939875482813,0.08790939875482813,inf,0.0
5606,Skim Milk,3.19,8.0,1.0,"Milk, fat free (skim)",0.0,628.0,MUFA 20:1,G,0.39875,0.39875,3628.736,0.0008790939875482813,0.0008790939875482813,0.08790939875482813,0.08790939875482813,inf,0.0
5607,Skim Milk,3.19,8.0,1.0,"Milk, fat free (skim)",0.009,614.0,SFA 18:0,G,0.39875,0.39875,3628.736,0.0008790939875482813,0.0008790939875482813,0.08790939875482813,0.08790939875482813,9.767710972758682,0.102378131661442
5608,Skim Milk,3.19,8.0,1.0,"Milk, fat free (skim)",0.0,291.0,"Fiber, total dietary",G,0.39875,0.39875,3628.736,0.0008790939875482813,0.0008790939875482813,0.08790939875482813,0.08790939875482813,inf,0.0
5609,Skim Milk,3.19,8.0,1.0,"Milk, fat free (skim)",0.001,608.0,SFA 6:0,G,0.39875,0.39875,3628.736,0.0008790939875482813,0.0008790939875482813,0.08790939875482813,0.08790939875482813,87.90939875482813,0.011375347962382445
5610,Skim Milk,3.19,8.0,1.0,"Milk, fat free (skim)",107.0,305.0,"Phosphorus, P",MG,0.39875,0.39875,3628.736,0.0008790939875482813,0.0008790939875482813,0.08790939875482813,0.08790939875482813,0.0008215831659329732,1217.1622319749215
5611,Skim Milk,3.19,8.0,1.0,"Milk, fat free (skim)",0.45,309.0,"Zinc, Zn",MG,0.39875,0.39875,3628.736,0.0008790939875482813,0.0008790939875482813,0.08790939875482813,0.08790939875482813,0.19535421945517362,5.1189065830721
5612,Skim Milk,3.19,8.0,1.0,"Milk, fat free (skim)",4.92,205.0,"Carbohydrate, by difference",G,0.39875,0.39875,3628.736,0.0008790939875482813,0.0008790939875482813,0.08790939875482813,0.08790939875482813,0.017867763974558564,55.96671197492163
5613,Skim Milk,3.19,8.0,1.0,"Milk, fat free (skim)",0.008,612.0,SFA 14:0,G,0.39875,0.39875,3628.736,0.0008790939875482813,0.0008790939875482813,0.08790939875482813,0.08790939875482813,10.988674844353516,0.09100278369905956
5614,Skim Milk,3.19,8.0,1.0,"Milk, fat free (skim)",0.0,263.0,Theobromine,MG,0.39875,0.39875,3628.736,0.0008790939875482813,0.0008790939875482813,0.08790939875482813,0.08790939875482813,inf,0.0
5615,Skim Milk,3.19,8.0,1.0,"Milk, fat free (skim)",0.0,221.0,"Alcohol, ethyl",G,0.39875,0.39875,3628.736,0.0008790939875482813,0.0008790939875482813,0.08790939875482813,0.08790939875482813,inf,0.0
5616,Skim Milk,3.19,8.0,1.0,"Milk, fat free (skim)",0.0,620.0,PUFA 20:4,G,0.39875,0.39875,3628.736,0.0008790939875482813,0.0008790939875482813,0.08790939875482813,0.08790939875482813,inf,0.0
5617,Skim Milk,3.19,8.0,1.0,"Milk, fat free (skim)",0.049,606.0,"Fatty acids, total saturated",G,0.39875,0.39875,3628.736,0.0008790939875482813,0.0008790939875482813,0.08790939875482813,0.08790939875482813,1.7940693623434312,0.5573920501567399
5618,Skim Milk,3.19,8.0,1.0,"Milk, fat free (skim)",0.0,430.0,Vitamin K (phylloquinone),UG,0.39875,0.39875,3628.736,0.0008790939875482813,0.0008790939875482813,0.08790939875482813,0.08790939875482813,inf,0.0
5619,Skim Milk,3.19,8.0,1.0,"Milk, fat free (skim)",12.0,304.0,"Magnesium, Mg",MG,0.39875,0.39875,3628.736,0.0008790939875482813,0.0008790939875482813,0.08790939875482813,0.08790939875482813,0.007325783229569011,136.50417554858933
5620,Skim Milk,3.19,8.0,1.0,"Milk, fat free (skim)",64.0,319.0,Retinol,UG,0.39875,0.39875,3628.736,0.0008790939875482813,0.0008790939875482813,0.08790939875482813,0.08790939875482813,0.0013735843555441895,728.0222695924765
5621,Skim Milk,3.19,8.0,1.0,"Milk, fat free (skim)",18.2,421.0,"Choline, total",MG,0.39875,0.39875,3628.736,0.0008790939875482813,0.0008790939875482813,0.08790939875482813,0.08790939875482813,0.0048301867447707765,207.03133291536048
5622,Skim Milk,3.19,8.0,1.0,"Milk, fat free (skim)",5.05,269.0,"Sugars, Total",G,0.39875,0.39875,3628.736,0.0008790939875482813,0.0008790939875482813,0.08790939875482813,0.08790939875482813,0.017407801733629335,57.445507210031344
5623,Skim Milk,3.19,8.0,1.0,"Milk, fat free (skim)",0.131,405.0,Riboflavin,MG,0.39875,0.39875,3628.736,0.0008790939875482813,0.0008790939875482813,0.08790939875482813,0.08790939875482813,0.6710641126322757,1.4901705830721004
5624,Skim Milk,3.19,8.0,1.0,"Milk, fat free (skim)",0.0,431.0,Folic acid,UG,0.39875,0.39875,3628.736,0.0008790939875482813,0.0008790939875482813,0.08790939875482813,0.08790939875482813,inf,0.0
5625,Skim Milk,3.19,8.0,1.0,"Milk, fat free (skim)",0.0,619.0,PUFA 18:3,G,0.39875,0.39875,3628.736,0.0008790939875482813,0.0008790939875482813,0.08790939875482813,0.08790939875482813,inf,0.0
5626,Skim Milk,3.19,8.0,1.0,"Milk, fat free (skim)",0.003,607.0,SFA 4:0,G,0.39875,0.39875,3628.736,0.0008790939875482813,0.0008790939875482813,0.08790939875482813,0.08790939875482813,29.30313291827604,0.034126043887147336
5627,Skim Milk,3.19,8.0,1.0,"Milk, fat free (skim)",0.0,323.0,Vitamin E (alpha-tocopherol),MG,0.39875,0.39875,3628.736,0.0008790939875482813,0.0008790939875482813,0.08790939875482813,0.08790939875482813,inf,0.0
5628,Skim Milk,3.19,8.0,1.0,"Milk, fat free (skim)",1.1,328.0,Vitamin D (D2 + D3),UG,0.39875,0.39875,3628.736,0.0008790939875482813,0.0008790939875482813,0.08790939875482813,0.08790939875482813,0.07991763523166193,12.512882758620691
5629,Skim Milk,3.19,8.0,1.0,"Milk, fat free (skim)",0.0,631.0,PUFA 22:5 n-3 (DPA),G,0.39875,0.39875,3628.736,0.0008790939875482813,0.0008790939875482813,0.08790939875482813,0.08790939875482813,inf,0.0
5630,Skim Milk,3.19,8.0,1.0,"Milk, fat free (skim)",0.0,338.0,Lutein + zeaxanthin,UG,0.39875,0.39875,3628.736,0.0008790939875482813,0.0008790939875482813,0.08790939875482813,0.08790939875482813,inf,0.0
5631,Skim Milk,3.19,8.0,1.0,"Milk, fat free (skim)",167.0,306.0,"Potassium, K",MG,0.39875,0.39875,3628.736,0.0008790939875482813,0.0008790939875482813,0.08790939875482813,0.08790939875482813,0.0005264035853582523,1899.6831097178683
5632,Skim Milk,3.19,8.0,1.0,"Milk, fat free (skim)",2.0,321.0,"Carotene, beta",UG,0.39875,0.39875,3628.736,0.0008790939875482813,0.0008790939875482813,0.08790939875482813,0.08790939875482813,0.043954699377414065,22.75069592476489
5633,Skim Milk,3.19,8.0,1.0,"Milk, fat free (skim)",0.017,645.0,"Fatty acids, total monounsaturated",G,0.39875,0.39875,3628.736,0.0008790939875482813,0.0008790939875482813,0.08790939875482813,0.08790939875482813,5.1711411032251835,0.1933809153605016
5634,Skim Milk,3.19,8.0,1.0,"Milk, fat free (skim)",0.0,578.0,"Vitamin B-12, added",UG,0.39875,0.39875,3628.736,0.0008790939875482813,0.0008790939875482813,0.08790939875482813,0.08790939875482813,inf,0.0
5635,Skim Milk,3.19,8.0,1.0,"Milk, fat free (skim)",0.006,646.0,"Fatty acids, total polyunsaturated",G,0.39875,0.39875,3628.736,0.0008790939875482813,0.0008790939875482813,0.08790939875482813,0.08790939875482813,14.65156645913802,0.06825208777429467
5636,Skim Milk,3.19,8.0,1.0,"Milk, fat free (skim)",0.0,630.0,MUFA 22:1,G,0.39875,0.39875,3628.736,0.0008790939875482813,0.0008790939875482813,0.08790939875482813,0.08790939875482813,inf,0.0
5637,Skim Milk,3.19,8.0,1.0,"Milk, fat free (skim)",0.056,404.0,Thiamin,MG,0.39875,0.39875,3628.736,0.0008790939875482813,0.0008790939875482813,0.08790939875482813,0.08790939875482813,1.5698106920505024,0.637019485893417
5638,Skim Milk,3.19,8.0,1.0,"Milk, fat free (skim)",41.0,307.0,"Sodium, Na",MG,0.39875,0.39875,3628.736,0.0008790939875482813,0.0008790939875482813,0.08790939875482813,0.08790939875482813,0.0021441316769470276,466.3892664576802
5639,Skim Milk,3.19,8.0,1.0,"Milk, fat free (skim)",0.002,611.0,SFA 12:0,G,0.39875,0.39875,3628.736,0.0008790939875482813,0.0008790939875482813,0.08790939875482813,0.08790939875482813,43.954699377414066,0.02275069592476489
5640,Skim Milk,3.19,8.0,1.0,"Milk, fat free (skim)",64.0,320.0,"Vitamin A, RAE",UG,0.39875,0.39875,3628.736,0.0008790939875482813,0.0008790939875482813,0.08790939875482813,0.08790939875482813,0.0013735843555441895,728.0222695924765
5641,Skim Milk,3.19,8.0,1.0,"Milk, fat free (skim)",0.0,621.0,PUFA 22:6 n-3 (DHA),G,0.39875,0.39875,3628.736,0.0008790939875482813,0.0008790939875482813,0.08790939875482813,0.08790939875482813,inf,0.0
5642,Skim Milk,3.19,8.0,1.0,"Milk, fat free (skim)",2.0,417.0,"Folate, total",UG,0.39875,0.39875,3628.736,0.0008790939875482813,0.0008790939875482813,0.08790939875482813,0.08790939875482813,0.043954699377414065,22.75069592476489
5643,Skim Milk,3.19,8.0,1.0,"Milk, fat free (skim)",0.0,573.0,"Vitamin E, added",MG,0.39875,0.39875,3628.736,0.0008790939875482813,0.0008790939875482813,0.08790939875482813,0.08790939875482813,inf,0.0
5644,Skim Milk,3.19,8.0,1.0,"Milk, fat free (skim)",0.002,312.0,"Copper, Cu",MG,0.39875,0.39875,3628.736,0.0008790939875482813,0.0008790939875482813,0.08790939875482813,0.08790939875482813,43.954699377414066,0.02275069592476489
5645,Skim Milk,3.19,8.0,1.0,"Milk, fat free (skim)",2.0,317.0,"Selenium, Se",UG,0.39875,0.39875,3628.736,0.0008790939875482813,0.0008790939875482813,0.08790939875482813,0.08790939875482813,0.043954699377414065,22.75069592476489
5646,Skim Milk,3.19,8.0,1.0,"Milk, fat free (skim)",90.8,255.0,Water,G,0.39875,0.39875,3628.736,0.0008790939875482813,0.0008790939875482813,0.08790939875482813,0.08790939875482813,0.0009681651845245389,1032.881594984326
5647,Skim Milk,3.19,8.0,1.0,"Milk, fat free (skim)",0.0,629.0,PUFA 20:5 n-3 (EPA),G,0.39875,0.39875,3628.736,0.0008790939875482813,0.0008790939875482813,0.08790939875482813,0.08790939875482813,inf,0.0
5648,Skim Milk,3.19,8.0,1.0,"Milk, fat free (skim)",0.001,626.0,MUFA 16:1,G,0.39875,0.39875,3628.736,0.0008790939875482813,0.0008790939875482813,0.08790939875482813,0.08790939875482813,87.90939875482813,0.011375347962382445
5649,Skim Milk,3.19,8.0,1.0,"Milk, fat free (skim)",0.118,406.0,Niacin,MG,0.39875,0.39875,3628.736,0.0008790939875482813,0.0008790939875482813,0.08790939875482813,0.08790939875482813,0.7449949047019333,1.3422910595611284
5650,Skim Milk,3.19,8.0,1.0,"Milk, fat free (skim)",0.0,627.0,PUFA 18:4,G,0.39875,0.39875,3628.736,0.0008790939875482813,0.0008790939875482813,0.08790939875482813,0.08790939875482813,inf,0.0
5651,Skim Milk,3.19,8.0,1.0,"Milk, fat free (skim)",0.0,337.0,Lycopene,UG,0.39875,0.39875,3628.736,0.0008790939875482813,0.0008790939875482813,0.08790939875482813,0.08790939875482813,inf,0.0
5652,Skim Milk,3.19,8.0,1.0,"Milk, fat free (skim)",0.021,613.0,SFA 16:0,G,0.39875,0.39875,3628.736,0.0008790939875482813,0.0008790939875482813,0.08790939875482813,0.08790939875482813,4.186161845468006,0.23888230721003134
5653,Skim Milk,3.19,8.0,1.0,"Milk, fat free (skim)",34.0,208.0,Energy,KCAL,0.39875,0.39875,3628.736,0.0008790939875482813,0.0008790939875482813,0.08790939875482813,0.08790939875482813,0.002585570551612592,386.76183072100315
5654,Skim Milk,3.19,8.0,1.0,"Milk, fat free (skim)",0.0,262.0,Caffeine,MG,0.39875,0.39875,3628.736,0.0008790939875482813,0.0008790939875482813,0.08790939875482813,0.08790939875482813,inf,0.0
5655,Skim Milk,3.19,8.0,1.0,"Milk, fat free (skim)",3.0,601.0,Cholesterol,MG,0.39875,0.39875,3628.736,0.0008790939875482813,0.0008790939875482813,0.08790939875482813,0.08790939875482813,0.029303132918276045,34.12604388714733
5656,Skim Milk,3.19,8.0,1.0,"Milk, fat free (skim)",0.58,418.0,Vitamin B-12,UG,0.39875,0.39875,3628.736,0.0008790939875482813,0.0008790939875482813,0.08790939875482813,0.08790939875482813,0.1515679288876347,6.597701818181817
5657,Skim Milk,3.19,8.0,1.0,"Milk, fat free (skim)",0.005,618.0,PUFA 18:2,G,0.39875,0.39875,3628.736,0.0008790939875482813,0.0008790939875482813,0.08790939875482813,0.08790939875482813,17.581879750965626,0.05687673981191223
5658,Skim Milk,3.19,8.0,1.0,"Milk, fat free (skim)",2.0,432.0,"Folate, food",UG,0.39875,0.39875,3628.736,0.0008790939875482813,0.0008790939875482813,0.08790939875482813,0.08790939875482813,0.043954699377414065,22.75069592476489
5659,Skim Milk,3.19,8.0,1.0,"Milk, fat free (skim)",0.0,322.0,"Carotene, alpha",UG,0.39875,0.39875,3628.736,0.0008790939875482813,0.0008790939875482813,0.08790939875482813,0.08790939875482813,inf,0.0
5660,Skim Milk,3.19,8.0,1.0,"Milk, fat free (skim)",0.0,334.0,"Cryptoxanthin, beta",UG,0.39875,0.39875,3628.736,0.0008790939875482813,0.0008790939875482813,0.08790939875482813,0.08790939875482813,inf,0.0
5661,Skim Milk,3.19,8.0,1.0,"Milk, fat free (skim)",0.058,415.0,Vitamin B-6,MG,0.39875,0.39875,3628.736,0.0008790939875482813,0.0008790939875482813,0.08790939875482813,0.08790939875482813,1.515679288876347,0.6597701818181818
5662,Skim Milk,3.19,8.0,1.0,"Milk, fat free (skim)",0.018,617.0,MUFA 18:1,G,0.39875,0.39875,3628.736,0.0008790939875482813,0.0008790939875482813,0.08790939875482813,0.08790939875482813,4.883855486379341,0.204756263322884
5663,Whole Greek Yogurt,4.8,2.1,1.0,"Yogurt, Greek, whole milk, plain",35.0,307.0,"Sodium, Na",MG,2.2857142857142856,2.2857142857142856,952.5432,0.005039141531848634,0.005039141531848634,0.5039141531848634,0.5039141531848634,0.01439754723385324,69.456275
5664,Whole Greek Yogurt,4.8,2.1,1.0,"Yogurt, Greek, whole milk, plain",0.278,405.0,Riboflavin,MG,2.2857142857142856,2.2857142857142856,952.5432,0.005039141531848634,0.005039141531848634,0.5039141531848634,0.5039141531848634,1.8126408387944726,0.55168127
5665,Whole Greek Yogurt,4.8,2.1,1.0,"Yogurt, Greek, whole milk, plain",0.086,609.0,SFA 8:0,G,2.2857142857142856,2.2857142857142856,952.5432,0.005039141531848634,0.005039141531848634,0.5039141531848634,0.5039141531848634,5.859466897498413,0.17066399
5666,Whole Greek Yogurt,4.8,2.1,1.0,"Yogurt, Greek, whole milk, plain",0.0,631.0,PUFA 22:5 n-3 (DPA),G,2.2857142857142856,2.2857142857142856,952.5432,0.005039141531848634,0.005039141531848634,0.5039141531848634,0.5039141531848634,inf,0.0
5667,Whole Greek Yogurt,4.8,2.1,1.0,"Yogurt, Greek, whole milk, plain",1.0,319.0,Retinol,UG,2.2857142857142856,2.2857142857142856,952.5432,0.005039141531848634,0.005039141531848634,0.5039141531848634,0.5039141531848634,0.5039141531848634,1.984465
5668,Whole Greek Yogurt,4.8,2.1,1.0,"Yogurt, Greek, whole milk, plain",0.0,303.0,"Iron, Fe",MG,2.2857142857142856,2.2857142857142856,952.5432,0.005039141531848634,0.005039141531848634,0.5039141531848634,0.5039141531848634,inf,0.0
5669,Whole Greek Yogurt,4.8,2.1,1.0,"Yogurt, Greek, whole milk, plain",0.0,263.0,Theobromine,MG,2.2857142857142856,2.2857142857142856,952.5432,0.005039141531848634,0.005039141531848634,0.5039141531848634,0.5039141531848634,inf,0.0
5670,Whole Greek Yogurt,4.8,2.1,1.0,"Yogurt, Greek, whole milk, plain",0.316,612.0,SFA 14:0,G,2.2857142857142856,2.2857142857142856,952.5432,0.005039141531848634,0.005039141531848634,0.5039141531848634,0.5039141531848634,1.5946650417242514,0.62709094
5671,Whole Greek Yogurt,4.8,2.1,1.0,"Yogurt, Greek, whole milk, plain",0.023,404.0,Thiamin,MG,2.2857142857142856,2.2857142857142856,952.5432,0.005039141531848634,0.005039141531848634,0.5039141531848634,0.5039141531848634,21.90931100803754,0.045642695
5672,Whole Greek Yogurt,4.8,2.1,1.0,"Yogurt, Greek, whole milk, plain",2.136,645.0,"Fatty acids, total monounsaturated",G,2.2857142857142856,2.2857142857142856,952.5432,0.005039141531848634,0.005039141531848634,0.5039141531848634,0.5039141531848634,0.23591486572325066,4.23881724
5673,Whole Greek Yogurt,4.8,2.1,1.0,"Yogurt, Greek, whole milk, plain",0.75,418.0,Vitamin B-12,UG,2.2857142857142856,2.2857142857142856,952.5432,0.005039141531848634,0.005039141531848634,0.5039141531848634,0.5039141531848634,0.671885537579818,1.4883487499999999
5674,Whole Greek Yogurt,4.8,2.1,1.0,"Yogurt, Greek, whole milk, plain",0.127,611.0,SFA 12:0,G,2.2857142857142856,2.2857142857142856,952.5432,0.005039141531848634,0.005039141531848634,0.5039141531848634,0.5039141531848634,3.9678279778335703,0.252027055
5675,Whole Greek Yogurt,4.8,2.1,1.0,"Yogurt, Greek, whole milk, plain",0.01,323.0,Vitamin E (alpha-tocopherol),MG,2.2857142857142856,2.2857142857142856,952.5432,0.005039141531848634,0.005039141531848634,0.5039141531848634,0.5039141531848634,50.391415318486345,0.019844650000000002
5676,Whole Greek Yogurt,4.8,2.1,1.0,"Yogurt, Greek, whole milk, plain",0.0,338.0,Lutein + zeaxanthin,UG,2.2857142857142856,2.2857142857142856,952.5432,0.005039141531848634,0.005039141531848634,0.5039141531848634,0.5039141531848634,inf,0.0
5677,Whole Greek Yogurt,4.8,2.1,1.0,"Yogurt, Greek, whole milk, plain",5.0,417.0,"Folate, total",UG,2.2857142857142856,2.2857142857142856,952.5432,0.005039141531848634,0.005039141531848634,0.5039141531848634,0.5039141531848634,0.10078283063697269,9.922325
5678,Whole Greek Yogurt,4.8,2.1,1.0,"Yogurt, Greek, whole milk, plain",9.0,203.0,Protein,G,2.2857142857142856,2.2857142857142856,952.5432,0.005039141531848634,0.005039141531848634,0.5039141531848634,0.5039141531848634,0.05599046146498483,17.860185
5679,Whole Greek Yogurt,4.8,2.1,1.0,"Yogurt, Greek, whole milk, plain",0.0,291.0,"Fiber, total dietary",G,2.2857142857142856,2.2857142857142856,952.5432,0.005039141531848634,0.005039141531848634,0.5039141531848634,0.5039141531848634,inf,0.0
5680,Whole Greek Yogurt,4.8,2.1,1.0,"Yogurt, Greek, whole milk, plain",4.0,269.0,"Sugars, Total",G,2.2857142857142856,2.2857142857142856,952.5432,0.005039141531848634,0.005039141531848634,0.5039141531848634,0.5039141531848634,0.12597853829621586,7.93786
5681,Whole Greek Yogurt,4.8,2.1,1.0,"Yogurt, Greek, whole milk, plain",0.063,415.0,Vitamin B-6,MG,2.2857142857142856,2.2857142857142856,952.5432,0.005039141531848634,0.005039141531848634,0.5039141531848634,0.5039141531848634,7.9986373521406895,0.125021295
5682,Whole Greek Yogurt,4.8,2.1,1.0,"Yogurt, Greek, whole milk, plain",0.0,629.0,PUFA 20:5 n-3 (EPA),G,2.2857142857142856,2.2857142857142856,952.5432,0.005039141531848634,0.005039141531848634,0.5039141531848634,0.5039141531848634,inf,0.0
5683,Whole Greek Yogurt,4.8,2.1,1.0,"Yogurt, Greek, whole milk, plain",97.0,208.0,Energy,KCAL,2.2857142857142856,2.2857142857142856,952.5432,0.005039141531848634,0.005039141531848634,0.5039141531848634,0.5039141531848634,0.005194991269947046,192.49310499999999
5684,Whole Greek Yogurt,4.8,2.1,1.0,"Yogurt, Greek, whole milk, plain",0.034,628.0,MUFA 20:1,G,2.2857142857142856,2.2857142857142856,952.5432,0.005039141531848634,0.005039141531848634,0.5039141531848634,0.5039141531848634,14.821004505437159,0.06747181000000001
5685,Whole Greek Yogurt,4.8,2.1,1.0,"Yogurt, Greek, whole milk, plain",0.422,614.0,SFA 18:0,G,2.2857142857142856,2.2857142857142856,952.5432,0.005039141531848634,0.005039141531848634,0.5039141531848634,0.5039141531848634,1.1941093677366432,0.83744423
5686,Whole Greek Yogurt,4.8,2.1,1.0,"Yogurt, Greek, whole milk, plain",13.0,601.0,Cholesterol,MG,2.2857142857142856,2.2857142857142856,952.5432,0.005039141531848634,0.005039141531848634,0.5039141531848634,0.5039141531848634,0.038762627168066416,25.798045
5687,Whole Greek Yogurt,4.8,2.1,1.0,"Yogurt, Greek, whole milk, plain",0.0,401.0,"Vitamin C, total ascorbic acid",MG,2.2857142857142856,2.2857142857142856,952.5432,0.005039141531848634,0.005039141531848634,0.5039141531848634,0.5039141531848634,inf,0.0
5688,Whole Greek Yogurt,4.8,2.1,1.0,"Yogurt, Greek, whole milk, plain",15.1,421.0,"Choline, total",MG,2.2857142857142856,2.2857142857142856,952.5432,0.005039141531848634,0.005039141531848634,0.5039141531848634,0.5039141531848634,0.03337179822416314,29.965421499999998
5689,Whole Greek Yogurt,4.8,2.1,1.0,"Yogurt, Greek, whole milk, plain",0.0,573.0,"Vitamin E, added",MG,2.2857142857142856,2.2857142857142856,952.5432,0.005039141531848634,0.005039141531848634,0.5039141531848634,0.5039141531848634,inf,0.0
5690,Whole Greek Yogurt,4.8,2.1,1.0,"Yogurt, Greek, whole milk, plain",0.0,431.0,Folic acid,UG,2.2857142857142856,2.2857142857142856,952.5432,0.005039141531848634,0.005039141531848634,0.5039141531848634,0.5039141531848634,inf,0.0
5691,Whole Greek Yogurt,4.8,2.1,1.0,"Yogurt, Greek, whole milk, plain",81.3,255.0,Water,G,2.2857142857142856,2.2857142857142856,952.5432,0.005039141531848634,0.005039141531848634,0.5039141531848634,0.5039141531848634,0.006198206066234483,161.3370045
5692,Whole Greek Yogurt,4.8,2.1,1.0,"Yogurt, Greek, whole milk, plain",0.051,608.0,SFA 6:0,G,2.2857142857142856,2.2857142857142856,952.5432,0.005039141531848634,0.005039141531848634,0.5039141531848634,0.5039141531848634,9.880669670291441,0.10120771499999999
5693,Whole Greek Yogurt,4.8,2.1,1.0,"Yogurt, Greek, whole milk, plain",0.0,630.0,MUFA 22:1,G,2.2857142857142856,2.2857142857142856,952.5432,0.005039141531848634,0.005039141531848634,0.5039141531848634,0.5039141531848634,inf,0.0
5694,Whole Greek Yogurt,4.8,2.1,1.0,"Yogurt, Greek, whole milk, plain",0.993,617.0,MUFA 18:1,G,2.2857142857142856,2.2857142857142856,952.5432,0.005039141531848634,0.005039141531848634,0.5039141531848634,0.5039141531848634,0.507466418111645,1.970573745
5695,Whole Greek Yogurt,4.8,2.1,1.0,"Yogurt, Greek, whole milk, plain",0.023,619.0,PUFA 18:3,G,2.2857142857142856,2.2857142857142856,952.5432,0.005039141531848634,0.005039141531848634,0.5039141531848634,0.5039141531848634,21.90931100803754,0.045642695
5696,Whole Greek Yogurt,4.8,2.1,1.0,"Yogurt, Greek, whole milk, plain",0.017,312.0,"Copper, Cu",MG,2.2857142857142856,2.2857142857142856,952.5432,0.005039141531848634,0.005039141531848634,0.5039141531848634,0.5039141531848634,29.642009010874318,0.033735905000000004
5697,Whole Greek Yogurt,4.8,2.1,1.0,"Yogurt, Greek, whole milk, plain",0.049,626.0,MUFA 16:1,G,2.2857142857142856,2.2857142857142856,952.5432,0.005039141531848634,0.005039141531848634,0.5039141531848634,0.5039141531848634,10.283962309895172,0.09723878500000001
5698,Whole Greek Yogurt,4.8,2.1,1.0,"Yogurt, Greek, whole milk, plain",0.209,618.0,PUFA 18:2,G,2.2857142857142856,2.2857142857142856,952.5432,0.005039141531848634,0.005039141531848634,0.5039141531848634,0.5039141531848634,2.4110725032768587,0.41475318499999997
5699,Whole Greek Yogurt,4.8,2.1,1.0,"Yogurt, Greek, whole milk, plain",0.0,627.0,PUFA 18:4,G,2.2857142857142856,2.2857142857142856,952.5432,0.005039141531848634,0.005039141531848634,0.5039141531848634,0.5039141531848634,inf,0.0
5700,Whole Greek Yogurt,4.8,2.1,1.0,"Yogurt, Greek, whole milk, plain",2.0,320.0,"Vitamin A, RAE",UG,2.2857142857142856,2.2857142857142856,952.5432,0.005039141531848634,0.005039141531848634,0.5039141531848634,0.5039141531848634,0.2519570765924317,3.96893
5701,Whole Greek Yogurt,4.8,2.1,1.0,"Yogurt, Greek, whole milk, plain",0.0,334.0,"Cryptoxanthin, beta",UG,2.2857142857142856,2.2857142857142856,952.5432,0.005039141531848634,0.005039141531848634,0.5039141531848634,0.5039141531848634,inf,0.0
5702,Whole Greek Yogurt,4.8,2.1,1.0,"Yogurt, Greek, whole milk, plain",3.98,205.0,"Carbohydrate, by difference",G,2.2857142857142856,2.2857142857142856,952.5432,0.005039141531848634,0.005039141531848634,0.5039141531848634,0.5039141531848634,0.12661159627760388,7.8981707
5703,Whole Greek Yogurt,4.8,2.1,1.0,"Yogurt, Greek, whole milk, plain",0.0,337.0,Lycopene,UG,2.2857142857142856,2.2857142857142856,952.5432,0.005039141531848634,0.005039141531848634,0.5039141531848634,0.5039141531848634,inf,0.0
5704,Whole Greek Yogurt,4.8,2.1,1.0,"Yogurt, Greek, whole milk, plain",9.7,317.0,"Selenium, Se",UG,2.2857142857142856,2.2857142857142856,952.5432,0.005039141531848634,0.005039141531848634,0.5039141531848634,0.5039141531848634,0.05194991269947046,19.2493105
5705,Whole Greek Yogurt,4.8,2.1,1.0,"Yogurt, Greek, whole milk, plain",0.469,646.0,"Fatty acids, total polyunsaturated",G,2.2857142857142856,2.2857142857142856,952.5432,0.005039141531848634,0.005039141531848634,0.5039141531848634,0.5039141531848634,1.0744438234218838,0.930714085
5706,Whole Greek Yogurt,4.8,2.1,1.0,"Yogurt, Greek, whole milk, plain",1.0,613.0,SFA 16:0,G,2.2857142857142856,2.2857142857142856,952.5432,0.005039141531848634,0.005039141531848634,0.5039141531848634,0.5039141531848634,0.5039141531848634,1.984465
5707,Whole Greek Yogurt,4.8,2.1,1.0,"Yogurt, Greek, whole milk, plain",11.0,304.0,"Magnesium, Mg",MG,2.2857142857142856,2.2857142857142856,952.5432,0.005039141531848634,0.005039141531848634,0.5039141531848634,0.5039141531848634,0.045810377562260314,21.829114999999998
5708,Whole Greek Yogurt,4.8,2.1,1.0,"Yogurt, Greek, whole milk, plain",135.0,305.0,"Phosphorus, P",MG,2.2857142857142856,2.2857142857142856,952.5432,0.005039141531848634,0.005039141531848634,0.5039141531848634,0.5039141531848634,0.0037326974309989883,267.902775
5709,Whole Greek Yogurt,4.8,2.1,1.0,"Yogurt, Greek, whole milk, plain",0.0,262.0,Caffeine,MG,2.2857142857142856,2.2857142857142856,952.5432,0.005039141531848634,0.005039141531848634,0.5039141531848634,0.5039141531848634,inf,0.0
5710,Whole Greek Yogurt,4.8,2.1,1.0,"Yogurt, Greek, whole milk, plain",0.208,406.0,Niacin,MG,2.2857142857142856,2.2857142857142856,952.5432,0.005039141531848634,0.005039141531848634,0.5039141531848634,0.5039141531848634,2.4226641980041514,0.41276872
5711,Whole Greek Yogurt,4.8,2.1,1.0,"Yogurt, Greek, whole milk, plain",0.0,430.0,Vitamin K (phylloquinone),UG,2.2857142857142856,2.2857142857142856,952.5432,0.005039141531848634,0.005039141531848634,0.5039141531848634,0.5039141531848634,inf,0.0
5712,Whole Greek Yogurt,4.8,2.1,1.0,"Yogurt, Greek, whole milk, plain",0.52,309.0,"Zinc, Zn",MG,2.2857142857142856,2.2857142857142856,952.5432,0.005039141531848634,0.005039141531848634,0.5039141531848634,0.5039141531848634,0.9690656792016604,1.0319218000000001
5713,Whole Greek Yogurt,4.8,2.1,1.0,"Yogurt, Greek, whole milk, plain",5.0,432.0,"Folate, food",UG,2.2857142857142856,2.2857142857142856,952.5432,0.005039141531848634,0.005039141531848634,0.5039141531848634,0.5039141531848634,0.10078283063697269,9.922325
5714,Whole Greek Yogurt,4.8,2.1,1.0,"Yogurt, Greek, whole milk, plain",0.0,607.0,SFA 4:0,G,2.2857142857142856,2.2857142857142856,952.5432,0.005039141531848634,0.005039141531848634,0.5039141531848634,0.5039141531848634,inf,0.0
5715,Whole Greek Yogurt,4.8,2.1,1.0,"Yogurt, Greek, whole milk, plain",7.0,321.0,"Carotene, beta",UG,2.2857142857142856,2.2857142857142856,952.5432,0.005039141531848634,0.005039141531848634,0.5039141531848634,0.5039141531848634,0.07198773616926621,13.891255
5716,Whole Greek Yogurt,4.8,2.1,1.0,"Yogurt, Greek, whole milk, plain",100.0,301.0,"Calcium, Ca",MG,2.2857142857142856,2.2857142857142856,952.5432,0.005039141531848634,0.005039141531848634,0.5039141531848634,0.5039141531848634,0.005039141531848634,198.4465
5717,Whole Greek Yogurt,4.8,2.1,1.0,"Yogurt, Greek, whole milk, plain",0.0,221.0,"Alcohol, ethyl",G,2.2857142857142856,2.2857142857142856,952.5432,0.005039141531848634,0.005039141531848634,0.5039141531848634,0.5039141531848634,inf,0.0
5718,Whole Greek Yogurt,4.8,2.1,1.0,"Yogurt, Greek, whole milk, plain",141.0,306.0,"Potassium, K",MG,2.2857142857142856,2.2857142857142856,952.5432,0.005039141531848634,0.005039141531848634,0.5039141531848634,0.5039141531848634,0.00357385924244584,279.809565
5719,Whole Greek Yogurt,4.8,2.1,1.0,"Yogurt, Greek, whole milk, plain",0.004,621.0,PUFA 22:6 n-3 (DHA),G,2.2857142857142856,2.2857142857142856,952.5432,0.005039141531848634,0.005039141531848634,0.5039141531848634,0.5039141531848634,125.97853829621586,0.00793786
5720,Whole Greek Yogurt,4.8,2.1,1.0,"Yogurt, Greek, whole milk, plain",0.0,620.0,PUFA 20:4,G,2.2857142857142856,2.2857142857142856,952.5432,0.005039141531848634,0.005039141531848634,0.5039141531848634,0.5039141531848634,inf,0.0
5721,Whole Greek Yogurt,4.8,2.1,1.0,"Yogurt, Greek, whole milk, plain",2.395,606.0,"Fatty acids, total saturated",G,2.2857142857142856,2.2857142857142856,952.5432,0.005039141531848634,0.005039141531848634,0.5039141531848634,0.5039141531848634,0.2104025691794837,4.752793675
5722,Whole Greek Yogurt,4.8,2.1,1.0,"Yogurt, Greek, whole milk, plain",0.0,578.0,"Vitamin B-12, added",UG,2.2857142857142856,2.2857142857142856,952.5432,0.005039141531848634,0.005039141531848634,0.5039141531848634,0.5039141531848634,inf,0.0
5723,Whole Greek Yogurt,4.8,2.1,1.0,"Yogurt, Greek, whole milk, plain",0.264,610.0,SFA 10:0,G,2.2857142857142856,2.2857142857142856,952.5432,0.005039141531848634,0.005039141531848634,0.5039141531848634,0.5039141531848634,1.9087657317608462,0.52389876
5724,Whole Greek Yogurt,4.8,2.1,1.0,"Yogurt, Greek, whole milk, plain",5.0,435.0,"Folate, DFE",UG,2.2857142857142856,2.2857142857142856,952.5432,0.005039141531848634,0.005039141531848634,0.5039141531848634,0.5039141531848634,0.10078283063697269,9.922325
5725,Whole Greek Yogurt,4.8,2.1,1.0,"Yogurt, Greek, whole milk, plain",5.0,204.0,Total lipid (fat),G,2.2857142857142856,2.2857142857142856,952.5432,0.005039141531848634,0.005039141531848634,0.5039141531848634,0.5039141531848634,0.10078283063697269,9.922325
5726,Whole Greek Yogurt,4.8,2.1,1.0,"Yogurt, Greek, whole milk, plain",0.0,322.0,"Carotene, alpha",UG,2.2857142857142856,2.2857142857142856,952.5432,0.005039141531848634,0.005039141531848634,0.5039141531848634,0.5039141531848634,inf,0.0
5727,Whole Greek Yogurt,4.8,2.1,1.0,"Yogurt, Greek, whole milk, plain",0.0,328.0,Vitamin D (D2 + D3),UG,2.2857142857142856,2.2857142857142856,952.5432,0.005039141531848634,0.005039141531848634,0.5039141531848634,0.5039141531848634,inf,0.0
5728,Nonfat Greek Yogurt,4.8,2.1,1.0,"Yogurt, Greek, nonfat milk, plain",0.0,607.0,SFA 4:0,G,2.2857142857142856,2.2857142857142856,952.5432,0.005039141531848634,0.005039141531848634,0.5039141531848634,0.5039141531848634,inf,0.0
5729,Nonfat Greek Yogurt,4.8,2.1,1.0,"Yogurt, Greek, nonfat milk, plain",3.64,205.0,"Carbohydrate, by difference",G,2.2857142857142856,2.2857142857142856,952.5432,0.005039141531848634,0.005039141531848634,0.5039141531848634,0.5039141531848634,0.13843795417166577,7.2234526
5730,Nonfat Greek Yogurt,4.8,2.1,1.0,"Yogurt, Greek, nonfat milk, plain",0.045,613.0,SFA 16:0,G,2.2857142857142856,2.2857142857142856,952.5432,0.005039141531848634,0.005039141531848634,0.5039141531848634,0.5039141531848634,11.198092292996966,0.08930092499999999
5731,Nonfat Greek Yogurt,4.8,2.1,1.0,"Yogurt, Greek, nonfat milk, plain",0.004,609.0,SFA 8:0,G,2.2857142857142856,2.2857142857142856,952.5432,0.005039141531848634,0.005039141531848634,0.5039141531848634,0.5039141531848634,125.97853829621586,0.00793786
5732,Nonfat Greek Yogurt,4.8,2.1,1.0,"Yogurt, Greek, nonfat milk, plain",0.022,404.0,Thiamin,MG,2.2857142857142856,2.2857142857142856,952.5432,0.005039141531848634,0.005039141531848634,0.5039141531848634,0.5039141531848634,22.905188781130157,0.04365823
5733,Nonfat Greek Yogurt,4.8,2.1,1.0,"Yogurt, Greek, nonfat milk, plain",0.0,431.0,Folic acid,UG,2.2857142857142856,2.2857142857142856,952.5432,0.005039141531848634,0.005039141531848634,0.5039141531848634,0.5039141531848634,inf,0.0
5734,Nonfat Greek Yogurt,4.8,2.1,1.0,"Yogurt, Greek, nonfat milk, plain",0.0,621.0,PUFA 22:6 n-3 (DHA),G,2.2857142857142856,2.2857142857142856,952.5432,0.005039141531848634,0.005039141531848634,0.5039141531848634,0.5039141531848634,inf,0.0
5735,Nonfat Greek Yogurt,4.8,2.1,1.0,"Yogurt, Greek, nonfat milk, plain",0.01,323.0,Vitamin E (alpha-tocopherol),MG,2.2857142857142856,2.2857142857142856,952.5432,0.005039141531848634,0.005039141531848634,0.5039141531848634,0.5039141531848634,50.391415318486345,0.019844650000000002
5736,Nonfat Greek Yogurt,4.8,2.1,1.0,"Yogurt, Greek, nonfat milk, plain",5.0,601.0,Cholesterol,MG,2.2857142857142856,2.2857142857142856,952.5432,0.005039141531848634,0.005039141531848634,0.5039141531848634,0.5039141531848634,0.10078283063697269,9.922325
5737,Nonfat Greek Yogurt,4.8,2.1,1.0,"Yogurt, Greek, nonfat milk, plain",0.7,418.0,Vitamin B-12,UG,2.2857142857142856,2.2857142857142856,952.5432,0.005039141531848634,0.005039141531848634,0.5039141531848634,0.5039141531848634,0.7198773616926621,1.3891254999999998
5738,Nonfat Greek Yogurt,4.8,2.1,1.0,"Yogurt, Greek, nonfat milk, plain",0.0,430.0,Vitamin K (phylloquinone),UG,2.2857142857142856,2.2857142857142856,952.5432,0.005039141531848634,0.005039141531848634,0.5039141531848634,0.5039141531848634,inf,0.0
5739,Nonfat Greek Yogurt,4.8,2.1,1.0,"Yogurt, Greek, nonfat milk, plain",59.0,208.0,Energy,KCAL,2.2857142857142856,2.2857142857142856,952.5432,0.005039141531848634,0.005039141531848634,0.5039141531848634,0.5039141531848634,0.008540917850590905,117.083435
5740,Nonfat Greek Yogurt,4.8,2.1,1.0,"Yogurt, Greek, nonfat milk, plain",0.001,619.0,PUFA 18:3,G,2.2857142857142856,2.2857142857142856,952.5432,0.005039141531848634,0.005039141531848634,0.5039141531848634,0.5039141531848634,503.91415318486344,0.001984465
5741,Nonfat Greek Yogurt,4.8,2.1,1.0,"Yogurt, Greek, nonfat milk, plain",0.0,321.0,"Carotene, beta",UG,2.2857142857142856,2.2857142857142856,952.5432,0.005039141531848634,0.005039141531848634,0.5039141531848634,0.5039141531848634,inf,0.0
5742,Nonfat Greek Yogurt,4.8,2.1,1.0,"Yogurt, Greek, nonfat milk, plain",0.002,608.0,SFA 6:0,G,2.2857142857142856,2.2857142857142856,952.5432,0.005039141531848634,0.005039141531848634,0.5039141531848634,0.5039141531848634,251.95707659243172,0.00396893
5743,Nonfat Greek Yogurt,4.8,2.1,1.0,"Yogurt, Greek, nonfat milk, plain",0.02,614.0,SFA 18:0,G,2.2857142857142856,2.2857142857142856,952.5432,0.005039141531848634,0.005039141531848634,0.5039141531848634,0.5039141531848634,25.195707659243173,0.039689300000000004
5744,Nonfat Greek Yogurt,4.8,2.1,1.0,"Yogurt, Greek, nonfat milk, plain",0.0,328.0,Vitamin D (D2 + D3),UG,2.2857142857142856,2.2857142857142856,952.5432,0.005039141531848634,0.005039141531848634,0.5039141531848634,0.5039141531848634,inf,0.0
5745,Nonfat Greek Yogurt,4.8,2.1,1.0,"Yogurt, Greek, nonfat milk, plain",0.002,628.0,MUFA 20:1,G,2.2857142857142856,2.2857142857142856,952.5432,0.005039141531848634,0.005039141531848634,0.5039141531848634,0.5039141531848634,251.95707659243172,0.00396893
5746,Nonfat Greek Yogurt,4.8,2.1,1.0,"Yogurt, Greek, nonfat milk, plain",0.0,627.0,PUFA 18:4,G,2.2857142857142856,2.2857142857142856,952.5432,0.005039141531848634,0.005039141531848634,0.5039141531848634,0.5039141531848634,inf,0.0
5747,Nonfat Greek Yogurt,4.8,2.1,1.0,"Yogurt, Greek, nonfat milk, plain",1.0,319.0,Retinol,UG,2.2857142857142856,2.2857142857142856,952.5432,0.005039141531848634,0.005039141531848634,0.5039141531848634,0.5039141531848634,0.5039141531848634,1.984465
5748,Nonfat Greek Yogurt,4.8,2.1,1.0,"Yogurt, Greek, nonfat milk, plain",0.014,612.0,SFA 14:0,G,2.2857142857142856,2.2857142857142856,952.5432,0.005039141531848634,0.005039141531848634,0.5039141531848634,0.5039141531848634,35.9938680846331,0.02778251
5749,Nonfat Greek Yogurt,4.8,2.1,1.0,"Yogurt, Greek, nonfat milk, plain",0.53,309.0,"Zinc, Zn",MG,2.2857142857142856,2.2857142857142856,952.5432,0.005039141531848634,0.005039141531848634,0.5039141531848634,0.5039141531848634,0.9507814211035158,1.0517664500000001
5750,Nonfat Greek Yogurt,4.8,2.1,1.0,"Yogurt, Greek, nonfat milk, plain",0.006,611.0,SFA 12:0,G,2.2857142857142856,2.2857142857142856,952.5432,0.005039141531848634,0.005039141531848634,0.5039141531848634,0.5039141531848634,83.98569219747723,0.01190679
5751,Nonfat Greek Yogurt,4.8,2.1,1.0,"Yogurt, Greek, nonfat milk, plain",0.07,303.0,"Iron, Fe",MG,2.2857142857142856,2.2857142857142856,952.5432,0.005039141531848634,0.005039141531848634,0.5039141531848634,0.5039141531848634,7.19877361692662,0.13891255000000002
5752,Nonfat Greek Yogurt,4.8,2.1,1.0,"Yogurt, Greek, nonfat milk, plain",0.011,646.0,"Fatty acids, total polyunsaturated",G,2.2857142857142856,2.2857142857142856,952.5432,0.005039141531848634,0.005039141531848634,0.5039141531848634,0.5039141531848634,45.810377562260314,0.021829115
5753,Nonfat Greek Yogurt,4.8,2.1,1.0,"Yogurt, Greek, nonfat milk, plain",0.0,221.0,"Alcohol, ethyl",G,2.2857142857142856,2.2857142857142856,952.5432,0.005039141531848634,0.005039141531848634,0.5039141531848634,0.5039141531848634,inf,0.0
5754,Nonfat Greek Yogurt,4.8,2.1,1.0,"Yogurt, Greek, nonfat milk, plain",0.017,312.0,"Copper, Cu",MG,2.2857142857142856,2.2857142857142856,952.5432,0.005039141531848634,0.005039141531848634,0.5039141531848634,0.5039141531848634,29.642009010874318,0.033735905000000004
5755,Nonfat Greek Yogurt,4.8,2.1,1.0,"Yogurt, Greek, nonfat milk, plain",9.9,317.0,"Selenium, Se",UG,2.2857142857142856,2.2857142857142856,952.5432,0.005039141531848634,0.005039141531848634,0.5039141531848634,0.5039141531848634,0.05090041951362257,19.646203500000002
5756,Nonfat Greek Yogurt,4.8,2.1,1.0,"Yogurt, Greek, nonfat milk, plain",0.012,610.0,SFA 10:0,G,2.2857142857142856,2.2857142857142856,952.5432,0.005039141531848634,0.005039141531848634,0.5039141531848634,0.5039141531848634,41.99284609873862,0.02381358
5757,Nonfat Greek Yogurt,4.8,2.1,1.0,"Yogurt, Greek, nonfat milk, plain",0.0,630.0,MUFA 22:1,G,2.2857142857142856,2.2857142857142856,952.5432,0.005039141531848634,0.005039141531848634,0.5039141531848634,0.5039141531848634,inf,0.0
5758,Nonfat Greek Yogurt,4.8,2.1,1.0,"Yogurt, Greek, nonfat milk, plain",141.0,306.0,"Potassium, K",MG,2.2857142857142856,2.2857142857142856,952.5432,0.005039141531848634,0.005039141531848634,0.5039141531848634,0.5039141531848634,0.00357385924244584,279.809565
5759,Nonfat Greek Yogurt,4.8,2.1,1.0,"Yogurt, Greek, nonfat milk, plain",0.0,263.0,Theobromine,MG,2.2857142857142856,2.2857142857142856,952.5432,0.005039141531848634,0.005039141531848634,0.5039141531848634,0.5039141531848634,inf,0.0
5760,Nonfat Greek Yogurt,4.8,2.1,1.0,"Yogurt, Greek, nonfat milk, plain",0.064,415.0,Vitamin B-6,MG,2.2857142857142856,2.2857142857142856,952.5432,0.005039141531848634,0.005039141531848634,0.5039141531848634,0.5039141531848634,7.873658643513491,0.12700576
5761,Nonfat Greek Yogurt,4.8,2.1,1.0,"Yogurt, Greek, nonfat milk, plain",0.0,338.0,Lutein + zeaxanthin,UG,2.2857142857142856,2.2857142857142856,952.5432,0.005039141531848634,0.005039141531848634,0.5039141531848634,0.5039141531848634,inf,0.0
5762,Nonfat Greek Yogurt,4.8,2.1,1.0,"Yogurt, Greek, nonfat milk, plain",36.0,307.0,"Sodium, Na",MG,2.2857142857142856,2.2857142857142856,952.5432,0.005039141531848634,0.005039141531848634,0.5039141531848634,0.5039141531848634,0.013997615366246207,71.44074
5763,Nonfat Greek Yogurt,4.8,2.1,1.0,"Yogurt, Greek, nonfat milk, plain",136.0,305.0,"Phosphorus, P",MG,2.2857142857142856,2.2857142857142856,952.5432,0.005039141531848634,0.005039141531848634,0.5039141531848634,0.5039141531848634,0.00370525112635929,269.88724
5764,Nonfat Greek Yogurt,4.8,2.1,1.0,"Yogurt, Greek, nonfat milk, plain",11.0,304.0,"Magnesium, Mg",MG,2.2857142857142856,2.2857142857142856,952.5432,0.005039141531848634,0.005039141531848634,0.5039141531848634,0.5039141531848634,0.045810377562260314,21.829114999999998
5765,Nonfat Greek Yogurt,4.8,2.1,1.0,"Yogurt, Greek, nonfat milk, plain",0.044,617.0,MUFA 18:1,G,2.2857142857142856,2.2857142857142856,952.5432,0.005039141531848634,0.005039141531848634,0.5039141531848634,0.5039141531848634,11.452594390565078,0.08731646
5766,Nonfat Greek Yogurt,4.8,2.1,1.0,"Yogurt, Greek, nonfat milk, plain",0.0,401.0,"Vitamin C, total ascorbic acid",MG,2.2857142857142856,2.2857142857142856,952.5432,0.005039141531848634,0.005039141531848634,0.5039141531848634,0.5039141531848634,inf,0.0
5767,Nonfat Greek Yogurt,4.8,2.1,1.0,"Yogurt, Greek, nonfat milk, plain",0.37,204.0,Total lipid (fat),G,2.2857142857142856,2.2857142857142856,952.5432,0.005039141531848634,0.005039141531848634,0.5039141531848634,0.5039141531848634,1.3619301437428741,0.7342520499999999
5768,Nonfat Greek Yogurt,4.8,2.1,1.0,"Yogurt, Greek, nonfat milk, plain",10.3,203.0,Protein,G,2.2857142857142856,2.2857142857142856,952.5432,0.005039141531848634,0.005039141531848634,0.5039141531848634,0.5039141531848634,0.048923704192705184,20.4399895
5769,Nonfat Greek Yogurt,4.8,2.1,1.0,"Yogurt, Greek, nonfat milk, plain",7.0,432.0,"Folate, food",UG,2.2857142857142856,2.2857142857142856,952.5432,0.005039141531848634,0.005039141531848634,0.5039141531848634,0.5039141531848634,0.07198773616926621,13.891255
5770,Nonfat Greek Yogurt,4.8,2.1,1.0,"Yogurt, Greek, nonfat milk, plain",0.0,337.0,Lycopene,UG,2.2857142857142856,2.2857142857142856,952.5432,0.005039141531848634,0.005039141531848634,0.5039141531848634,0.5039141531848634,inf,0.0
5771,Nonfat Greek Yogurt,4.8,2.1,1.0,"Yogurt, Greek, nonfat milk, plain",3.27,269.0,"Sugars, Total",G,2.2857142857142856,2.2857142857142856,952.5432,0.005039141531848634,0.005039141531848634,0.5039141531848634,0.5039141531848634,0.15410218751830687,6.48920055
5772,Nonfat Greek Yogurt,4.8,2.1,1.0,"Yogurt, Greek, nonfat milk, plain",85.0,255.0,Water,G,2.2857142857142856,2.2857142857142856,952.5432,0.005039141531848634,0.005039141531848634,0.5039141531848634,0.5039141531848634,0.005928401802174864,168.67952499999998
5773,Nonfat Greek Yogurt,4.8,2.1,1.0,"Yogurt, Greek, nonfat milk, plain",0.281,405.0,Riboflavin,MG,2.2857142857142856,2.2857142857142856,952.5432,0.005039141531848634,0.005039141531848634,0.5039141531848634,0.5039141531848634,1.7932888013696207,0.557634665
5774,Nonfat Greek Yogurt,4.8,2.1,1.0,"Yogurt, Greek, nonfat milk, plain",0.0,262.0,Caffeine,MG,2.2857142857142856,2.2857142857142856,952.5432,0.005039141531848634,0.005039141531848634,0.5039141531848634,0.5039141531848634,inf,0.0
5775,Nonfat Greek Yogurt,4.8,2.1,1.0,"Yogurt, Greek, nonfat milk, plain",0.002,626.0,MUFA 16:1,G,2.2857142857142856,2.2857142857142856,952.5432,0.005039141531848634,0.005039141531848634,0.5039141531848634,0.5039141531848634,251.95707659243172,0.00396893
5776,Nonfat Greek Yogurt,4.8,2.1,1.0,"Yogurt, Greek, nonfat milk, plain",0.01,618.0,PUFA 18:2,G,2.2857142857142856,2.2857142857142856,952.5432,0.005039141531848634,0.005039141531848634,0.5039141531848634,0.5039141531848634,50.391415318486345,0.019844650000000002
5777,Nonfat Greek Yogurt,4.8,2.1,1.0,"Yogurt, Greek, nonfat milk, plain",0.0,334.0,"Cryptoxanthin, beta",UG,2.2857142857142856,2.2857142857142856,952.5432,0.005039141531848634,0.005039141531848634,0.5039141531848634,0.5039141531848634,inf,0.0
5778,Nonfat Greek Yogurt,4.8,2.1,1.0,"Yogurt, Greek, nonfat milk, plain",0.0,578.0,"Vitamin B-12, added",UG,2.2857142857142856,2.2857142857142856,952.5432,0.005039141531848634,0.005039141531848634,0.5039141531848634,0.5039141531848634,inf,0.0
5779,Nonfat Greek Yogurt,4.8,2.1,1.0,"Yogurt, Greek, nonfat milk, plain",0.043,645.0,"Fatty acids, total monounsaturated",G,2.2857142857142856,2.2857142857142856,952.5432,0.005039141531848634,0.005039141531848634,0.5039141531848634,0.5039141531848634,11.718933794996826,0.085331995
5780,Nonfat Greek Yogurt,4.8,2.1,1.0,"Yogurt, Greek, nonfat milk, plain",7.0,417.0,"Folate, total",UG,2.2857142857142856,2.2857142857142856,952.5432,0.005039141531848634,0.005039141531848634,0.5039141531848634,0.5039141531848634,0.07198773616926621,13.891255
5781,Nonfat Greek Yogurt,4.8,2.1,1.0,"Yogurt, Greek, nonfat milk, plain",0.108,606.0,"Fatty acids, total saturated",G,2.2857142857142856,2.2857142857142856,952.5432,0.005039141531848634,0.005039141531848634,0.5039141531848634,0.5039141531848634,4.665871788748736,0.21432222
5782,Nonfat Greek Yogurt,4.8,2.1,1.0,"Yogurt, Greek, nonfat milk, plain",0.0,291.0,"Fiber, total dietary",G,2.2857142857142856,2.2857142857142856,952.5432,0.005039141531848634,0.005039141531848634,0.5039141531848634,0.5039141531848634,inf,0.0
5783,Nonfat Greek Yogurt,4.8,2.1,1.0,"Yogurt, Greek, nonfat milk, plain",0.0,631.0,PUFA 22:5 n-3 (DPA),G,2.2857142857142856,2.2857142857142856,952.5432,0.005039141531848634,0.005039141531848634,0.5039141531848634,0.5039141531848634,inf,0.0
5784,Nonfat Greek Yogurt,4.8,2.1,1.0,"Yogurt, Greek, nonfat milk, plain",0.0,620.0,PUFA 20:4,G,2.2857142857142856,2.2857142857142856,952.5432,0.005039141531848634,0.005039141531848634,0.5039141531848634,0.5039141531848634,inf,0.0
5785,Nonfat Greek Yogurt,4.8,2.1,1.0,"Yogurt, Greek, nonfat milk, plain",0.0,573.0,"Vitamin E, added",MG,2.2857142857142856,2.2857142857142856,952.5432,0.005039141531848634,0.005039141531848634,0.5039141531848634,0.5039141531848634,inf,0.0
5786,Nonfat Greek Yogurt,4.8,2.1,1.0,"Yogurt, Greek, nonfat milk, plain",15.1,421.0,"Choline, total",MG,2.2857142857142856,2.2857142857142856,952.5432,0.005039141531848634,0.005039141531848634,0.5039141531848634,0.5039141531848634,0.03337179822416314,29.965421499999998
5787,Nonfat Greek Yogurt,4.8,2.1,1.0,"Yogurt, Greek, nonfat milk, plain",7.0,435.0,"Folate, DFE",UG,2.2857142857142856,2.2857142857142856,952.5432,0.005039141531848634,0.005039141531848634,0.5039141531848634,0.5039141531848634,0.07198773616926621,13.891255
5788,Nonfat Greek Yogurt,4.8,2.1,1.0,"Yogurt, Greek, nonfat milk, plain",111.0,301.0,"Calcium, Ca",MG,2.2857142857142856,2.2857142857142856,952.5432,0.005039141531848634,0.005039141531848634,0.5039141531848634,0.5039141531848634,0.004539767145809581,220.275615
5789,Nonfat Greek Yogurt,4.8,2.1,1.0,"Yogurt, Greek, nonfat milk, plain",0.211,406.0,Niacin,MG,2.2857142857142856,2.2857142857142856,952.5432,0.005039141531848634,0.005039141531848634,0.5039141531848634,0.5039141531848634,2.3882187354732864,0.418722115
5790,Nonfat Greek Yogurt,4.8,2.1,1.0,"Yogurt, Greek, nonfat milk, plain",1.0,320.0,"Vitamin A, RAE",UG,2.2857142857142856,2.2857142857142856,952.5432,0.005039141531848634,0.005039141531848634,0.5039141531848634,0.5039141531848634,0.5039141531848634,1.984465
5791,Nonfat Greek Yogurt,4.8,2.1,1.0,"Yogurt, Greek, nonfat milk, plain",0.0,629.0,PUFA 20:5 n-3 (EPA),G,2.2857142857142856,2.2857142857142856,952.5432,0.005039141531848634,0.005039141531848634,0.5039141531848634,0.5039141531848634,inf,0.0
5792,Nonfat Greek Yogurt,4.8,2.1,1.0,"Yogurt, Greek, nonfat milk, plain",0.0,322.0,"Carotene, alpha",UG,2.2857142857142856,2.2857142857142856,952.5432,0.005039141531848634,0.005039141531848634,0.5039141531848634,0.5039141531848634,inf,0.0
5793,Cottage Cheese,4.3,1.5,1.0,"Cheese, cottage, lowfat, low sodium",0.022,618.0,PUFA 18:2,G,2.8666666666666667,2.8666666666666667,680.3879999999999,0.0063199233378601625,0.0063199233378601625,0.6319923337860163,0.6319923337860163,28.72692426300074,0.0348105488372093
5794,Cottage Cheese,4.3,1.5,1.0,"Cheese, cottage, lowfat, low sodium",0.016,611.0,SFA 12:0,G,2.8666666666666667,2.8666666666666667,680.3879999999999,0.0063199233378601625,0.0063199233378601625,0.6319923337860163,0.6319923337860163,39.49952086162602,0.025316762790697674
5795,Cottage Cheese,4.3,1.5,1.0,"Cheese, cottage, lowfat, low sodium",17.5,421.0,"Choline, total",MG,2.8666666666666667,2.8666666666666667,680.3879999999999,0.0063199233378601625,0.0063199233378601625,0.6319923337860163,0.6319923337860163,0.036113847644915216,27.690209302325577
5796,Cottage Cheese,4.3,1.5,1.0,"Cheese, cottage, lowfat, low sodium",2.7,269.0,"Sugars, Total",G,2.8666666666666667,2.8666666666666667,680.3879999999999,0.0063199233378601625,0.0063199233378601625,0.6319923337860163,0.6319923337860163,0.23407123473556157,4.272203720930232
5797,Cottage Cheese,4.3,1.5,1.0,"Cheese, cottage, lowfat, low sodium",0.036,626.0,MUFA 16:1,G,2.8666666666666667,2.8666666666666667,680.3879999999999,0.0063199233378601625,0.0063199233378601625,0.6319923337860163,0.6319923337860163,17.55534260516712,0.05696271627906976
5798,Cottage Cheese,4.3,1.5,1.0,"Cheese, cottage, lowfat, low sodium",12.0,432.0,"Folate, food",UG,2.8666666666666667,2.8666666666666667,680.3879999999999,0.0063199233378601625,0.0063199233378601625,0.6319923337860163,0.6319923337860163,0.05266602781550136,18.987572093023253
5799,Cottage Cheese,4.3,1.5,1.0,"Cheese, cottage, lowfat, low sodium",0.0,628.0,MUFA 20:1,G,2.8666666666666667,2.8666666666666667,680.3879999999999,0.0063199233378601625,0.0063199233378601625,0.6319923337860163,0.6319923337860163,inf,0.0
5800,Cottage Cheese,4.3,1.5,1.0,"Cheese, cottage, lowfat, low sodium",2.7,205.0,"Carbohydrate, by difference",G,2.8666666666666667,2.8666666666666667,680.3879999999999,0.0063199233378601625,0.0063199233378601625,0.6319923337860163,0.6319923337860163,0.23407123473556157,4.272203720930232
5801,Cottage Cheese,4.3,1.5,1.0,"Cheese, cottage, lowfat, low sodium",1.0,204.0,Total lipid (fat),G,2.8666666666666667,2.8666666666666667,680.3879999999999,0.0063199233378601625,0.0063199233378601625,0.6319923337860163,0.6319923337860163,0.6319923337860163,1.5822976744186046
5802,Cottage Cheese,4.3,1.5,1.0,"Cheese, cottage, lowfat, low sodium",0.16,405.0,Riboflavin,MG,2.8666666666666667,2.8666666666666667,680.3879999999999,0.0063199233378601625,0.0063199233378601625,0.6319923337860163,0.6319923337860163,3.9499520861626016,0.2531676279069767
5803,Cottage Cheese,4.3,1.5,1.0,"Cheese, cottage, lowfat, low sodium",86.0,306.0,"Potassium, K",MG,2.8666666666666667,2.8666666666666667,680.3879999999999,0.0063199233378601625,0.0063199233378601625,0.6319923337860163,0.6319923337860163,0.007348748067279259,136.0776
5804,Cottage Cheese,4.3,1.5,1.0,"Cheese, cottage, lowfat, low sodium",0.031,607.0,SFA 4:0,G,2.8666666666666667,2.8666666666666667,680.3879999999999,0.0063199233378601625,0.0063199233378601625,0.6319923337860163,0.6319923337860163,20.386849476968266,0.04905122790697674
5805,Cottage Cheese,4.3,1.5,1.0,"Cheese, cottage, lowfat, low sodium",0.0,263.0,Theobromine,MG,2.8666666666666667,2.8666666666666667,680.3879999999999,0.0063199233378601625,0.0063199233378601625,0.6319923337860163,0.6319923337860163,inf,0.0
5806,Cottage Cheese,4.3,1.5,1.0,"Cheese, cottage, lowfat, low sodium",0.0,621.0,PUFA 22:6 n-3 (DHA),G,2.8666666666666667,2.8666666666666667,680.3879999999999,0.0063199233378601625,0.0063199233378601625,0.6319923337860163,0.6319923337860163,inf,0.0
5807,Cottage Cheese,4.3,1.5,1.0,"Cheese, cottage, lowfat, low sodium",12.0,417.0,"Folate, total",UG,2.8666666666666667,2.8666666666666667,680.3879999999999,0.0063199233378601625,0.0063199233378601625,0.6319923337860163,0.6319923337860163,0.05266602781550136,18.987572093023253
5808,Cottage Cheese,4.3,1.5,1.0,"Cheese, cottage, lowfat, low sodium",11.0,320.0,"Vitamin A, RAE",UG,2.8666666666666667,2.8666666666666667,680.3879999999999,0.0063199233378601625,0.0063199233378601625,0.6319923337860163,0.6319923337860163,0.05745384852600148,17.405274418604648
5809,Cottage Cheese,4.3,1.5,1.0,"Cheese, cottage, lowfat, low sodium",0.0,262.0,Caffeine,MG,2.8666666666666667,2.8666666666666667,680.3879999999999,0.0063199233378601625,0.0063199233378601625,0.6319923337860163,0.6319923337860163,inf,0.0
5810,Cottage Cheese,4.3,1.5,1.0,"Cheese, cottage, lowfat, low sodium",0.284,645.0,"Fatty acids, total monounsaturated",G,2.8666666666666667,2.8666666666666667,680.3879999999999,0.0063199233378601625,0.0063199233378601625,0.6319923337860163,0.6319923337860163,2.225325118964846,0.44937253953488365
5811,Cottage Cheese,4.3,1.5,1.0,"Cheese, cottage, lowfat, low sodium",0.0,337.0,Lycopene,UG,2.8666666666666667,2.8666666666666667,680.3879999999999,0.0063199233378601625,0.0063199233378601625,0.6319923337860163,0.6319923337860163,inf,0.0
5812,Cottage Cheese,4.3,1.5,1.0,"Cheese, cottage, lowfat, low sodium",0.028,312.0,"Copper, Cu",MG,2.8666666666666667,2.8666666666666667,680.3879999999999,0.0063199233378601625,0.0063199233378601625,0.6319923337860163,0.6319923337860163,22.57115477807201,0.04430433488372093
5813,Cottage Cheese,4.3,1.5,1.0,"Cheese, cottage, lowfat, low sodium",0.104,612.0,SFA 14:0,G,2.8666666666666667,2.8666666666666667,680.3879999999999,0.0063199233378601625,0.0063199233378601625,0.6319923337860163,0.6319923337860163,6.07684936332708,0.16455895813953486
5814,Cottage Cheese,4.3,1.5,1.0,"Cheese, cottage, lowfat, low sodium",4.0,601.0,Cholesterol,MG,2.8666666666666667,2.8666666666666667,680.3879999999999,0.0063199233378601625,0.0063199233378601625,0.6319923337860163,0.6319923337860163,0.15799808344650407,6.329190697674418
5815,Cottage Cheese,4.3,1.5,1.0,"Cheese, cottage, lowfat, low sodium",0.0,291.0,"Fiber, total dietary",G,2.8666666666666667,2.8666666666666667,680.3879999999999,0.0063199233378601625,0.0063199233378601625,0.6319923337860163,0.6319923337860163,inf,0.0
5816,Cottage Cheese,4.3,1.5,1.0,"Cheese, cottage, lowfat, low sodium",83.5,255.0,Water,G,2.8666666666666667,2.8666666666666667,680.3879999999999,0.0063199233378601625,0.0063199233378601625,0.6319923337860163,0.6319923337860163,0.007568770464503189,132.1218558139535
5817,Cottage Cheese,4.3,1.5,1.0,"Cheese, cottage, lowfat, low sodium",0.0,627.0,PUFA 18:4,G,2.8666666666666667,2.8666666666666667,680.3879999999999,0.0063199233378601625,0.0063199233378601625,0.6319923337860163,0.6319923337860163,inf,0.0
5818,Cottage Cheese,4.3,1.5,1.0,"Cheese, cottage, lowfat, low sodium",0.0,328.0,Vitamin D (D2 + D3),UG,2.8666666666666667,2.8666666666666667,680.3879999999999,0.0063199233378601625,0.0063199233378601625,0.6319923337860163,0.6319923337860163,inf,0.0
5819,Cottage Cheese,4.3,1.5,1.0,"Cheese, cottage, lowfat, low sodium",72.0,208.0,Energy,KCAL,2.8666666666666667,2.8666666666666667,680.3879999999999,0.0063199233378601625,0.0063199233378601625,0.6319923337860163,0.6319923337860163,0.00877767130258356,113.92543255813952
5820,Cottage Cheese,4.3,1.5,1.0,"Cheese, cottage, lowfat, low sodium",3.0,321.0,"Carotene, beta",UG,2.8666666666666667,2.8666666666666667,680.3879999999999,0.0063199233378601625,0.0063199233378601625,0.6319923337860163,0.6319923337860163,0.21066411126200543,4.746893023255813
5821,Cottage Cheese,4.3,1.5,1.0,"Cheese, cottage, lowfat, low sodium",0.302,613.0,SFA 16:0,G,2.8666666666666667,2.8666666666666667,680.3879999999999,0.0063199233378601625,0.0063199233378601625,0.6319923337860163,0.6319923337860163,2.0926898469735637,0.47785389767441855
5822,Cottage Cheese,4.3,1.5,1.0,"Cheese, cottage, lowfat, low sodium",0.632,606.0,"Fatty acids, total saturated",G,2.8666666666666667,2.8666666666666667,680.3879999999999,0.0063199233378601625,0.0063199233378601625,0.6319923337860163,0.6319923337860163,0.9999878699145827,1.000012130232558
5823,Cottage Cheese,4.3,1.5,1.0,"Cheese, cottage, lowfat, low sodium",0.018,610.0,SFA 10:0,G,2.8666666666666667,2.8666666666666667,680.3879999999999,0.0063199233378601625,0.0063199233378601625,0.6319923337860163,0.6319923337860163,35.11068521033424,0.02848135813953488
5824,Cottage Cheese,4.3,1.5,1.0,"Cheese, cottage, lowfat, low sodium",0.031,646.0,"Fatty acids, total polyunsaturated",G,2.8666666666666667,2.8666666666666667,680.3879999999999,0.0063199233378601625,0.0063199233378601625,0.6319923337860163,0.6319923337860163,20.386849476968266,0.04905122790697674
5825,Cottage Cheese,4.3,1.5,1.0,"Cheese, cottage, lowfat, low sodium",0.009,609.0,SFA 8:0,G,2.8666666666666667,2.8666666666666667,680.3879999999999,0.0063199233378601625,0.0063199233378601625,0.6319923337860163,0.6319923337860163,70.22137042066848,0.01424067906976744
5826,Cottage Cheese,4.3,1.5,1.0,"Cheese, cottage, lowfat, low sodium",0.235,617.0,MUFA 18:1,G,2.8666666666666667,2.8666666666666667,680.3879999999999,0.0063199233378601625,0.0063199233378601625,0.6319923337860163,0.6319923337860163,2.689329079940495,0.37183995348837207
5827,Cottage Cheese,4.3,1.5,1.0,"Cheese, cottage, lowfat, low sodium",0.0,578.0,"Vitamin B-12, added",UG,2.8666666666666667,2.8666666666666667,680.3879999999999,0.0063199233378601625,0.0063199233378601625,0.6319923337860163,0.6319923337860163,inf,0.0
5828,Cottage Cheese,4.3,1.5,1.0,"Cheese, cottage, lowfat, low sodium",0.0,620.0,PUFA 20:4,G,2.8666666666666667,2.8666666666666667,680.3879999999999,0.0063199233378601625,0.0063199233378601625,0.6319923337860163,0.6319923337860163,inf,0.0
5829,Cottage Cheese,4.3,1.5,1.0,"Cheese, cottage, lowfat, low sodium",0.0,631.0,PUFA 22:5 n-3 (DPA),G,2.8666666666666667,2.8666666666666667,680.3879999999999,0.0063199233378601625,0.0063199233378601625,0.6319923337860163,0.6319923337860163,inf,0.0
5830,Cottage Cheese,4.3,1.5,1.0,"Cheese, cottage, lowfat, low sodium",13.0,307.0,"Sodium, Na",MG,2.8666666666666667,2.8666666666666667,680.3879999999999,0.0063199233378601625,0.0063199233378601625,0.6319923337860163,0.6319923337860163,0.04861479490661664,20.56986976744186
5831,Cottage Cheese,4.3,1.5,1.0,"Cheese, cottage, lowfat, low sodium",0.38,309.0,"Zinc, Zn",MG,2.8666666666666667,2.8666666666666667,680.3879999999999,0.0063199233378601625,0.0063199233378601625,0.6319923337860163,0.6319923337860163,1.6631377204895166,0.6012731162790698
5832,Cottage Cheese,4.3,1.5,1.0,"Cheese, cottage, lowfat, low sodium",0.0,322.0,"Carotene, alpha",UG,2.8666666666666667,2.8666666666666667,680.3879999999999,0.0063199233378601625,0.0063199233378601625,0.6319923337860163,0.6319923337860163,inf,0.0
5833,Cottage Cheese,4.3,1.5,1.0,"Cheese, cottage, lowfat, low sodium",0.1,430.0,Vitamin K (phylloquinone),UG,2.8666666666666667,2.8666666666666667,680.3879999999999,0.0063199233378601625,0.0063199233378601625,0.6319923337860163,0.6319923337860163,6.319923337860162,0.15822976744186046
5834,Cottage Cheese,4.3,1.5,1.0,"Cheese, cottage, lowfat, low sodium",11.0,319.0,Retinol,UG,2.8666666666666667,2.8666666666666667,680.3879999999999,0.0063199233378601625,0.0063199233378601625,0.6319923337860163,0.6319923337860163,0.05745384852600148,17.405274418604648
5835,Cottage Cheese,4.3,1.5,1.0,"Cheese, cottage, lowfat, low sodium",0.0,573.0,"Vitamin E, added",MG,2.8666666666666667,2.8666666666666667,680.3879999999999,0.0063199233378601625,0.0063199233378601625,0.6319923337860163,0.6319923337860163,inf,0.0
5836,Cottage Cheese,4.3,1.5,1.0,"Cheese, cottage, lowfat, low sodium",0.0,221.0,"Alcohol, ethyl",G,2.8666666666666667,2.8666666666666667,680.3879999999999,0.0063199233378601625,0.0063199233378601625,0.6319923337860163,0.6319923337860163,inf,0.0
5837,Cottage Cheese,4.3,1.5,1.0,"Cheese, cottage, lowfat, low sodium",12.0,435.0,"Folate, DFE",UG,2.8666666666666667,2.8666666666666667,680.3879999999999,0.0063199233378601625,0.0063199233378601625,0.6319923337860163,0.6319923337860163,0.05266602781550136,18.987572093023253
5838,Cottage Cheese,4.3,1.5,1.0,"Cheese, cottage, lowfat, low sodium",0.63,418.0,Vitamin B-12,UG,2.8666666666666667,2.8666666666666667,680.3879999999999,0.0063199233378601625,0.0063199233378601625,0.6319923337860163,0.6319923337860163,1.0031624345809782,0.9968475348837208
5839,Cottage Cheese,4.3,1.5,1.0,"Cheese, cottage, lowfat, low sodium",0.0,630.0,MUFA 22:1,G,2.8666666666666667,2.8666666666666667,680.3879999999999,0.0063199233378601625,0.0063199233378601625,0.6319923337860163,0.6319923337860163,inf,0.0
5840,Cottage Cheese,4.3,1.5,1.0,"Cheese, cottage, lowfat, low sodium",0.0,629.0,PUFA 20:5 n-3 (EPA),G,2.8666666666666667,2.8666666666666667,680.3879999999999,0.0063199233378601625,0.0063199233378601625,0.6319923337860163,0.6319923337860163,inf,0.0
5841,Cottage Cheese,4.3,1.5,1.0,"Cheese, cottage, lowfat, low sodium",0.007,608.0,SFA 6:0,G,2.8666666666666667,2.8666666666666667,680.3879999999999,0.0063199233378601625,0.0063199233378601625,0.6319923337860163,0.6319923337860163,90.28461911228804,0.011076083720930233
5842,Cottage Cheese,4.3,1.5,1.0,"Cheese, cottage, lowfat, low sodium",12.4,203.0,Protein,G,2.8666666666666667,2.8666666666666667,680.3879999999999,0.0063199233378601625,0.0063199233378601625,0.6319923337860163,0.6319923337860163,0.050967123692420666,19.620491162790696
5843,Cottage Cheese,4.3,1.5,1.0,"Cheese, cottage, lowfat, low sodium",134.0,305.0,"Phosphorus, P",MG,2.8666666666666667,2.8666666666666667,680.3879999999999,0.0063199233378601625,0.0063199233378601625,0.6319923337860163,0.6319923337860163,0.004716360699895644,212.027888372093
5844,Cottage Cheese,4.3,1.5,1.0,"Cheese, cottage, lowfat, low sodium",0.02,404.0,Thiamin,MG,2.8666666666666667,2.8666666666666667,680.3879999999999,0.0063199233378601625,0.0063199233378601625,0.6319923337860163,0.6319923337860163,31.599616689300813,0.03164595348837209
5845,Cottage Cheese,4.3,1.5,1.0,"Cheese, cottage, lowfat, low sodium",0.07,415.0,Vitamin B-6,MG,2.8666666666666667,2.8666666666666667,680.3879999999999,0.0063199233378601625,0.0063199233378601625,0.6319923337860163,0.6319923337860163,9.028461911228803,0.11076083720930233
5846,Cottage Cheese,4.3,1.5,1.0,"Cheese, cottage, lowfat, low sodium",61.0,301.0,"Calcium, Ca",MG,2.8666666666666667,2.8666666666666667,680.3879999999999,0.0063199233378601625,0.0063199233378601625,0.6319923337860163,0.6319923337860163,0.01036053006206584,96.52015813953487
5847,Cottage Cheese,4.3,1.5,1.0,"Cheese, cottage, lowfat, low sodium",0.01,323.0,Vitamin E (alpha-tocopherol),MG,2.8666666666666667,2.8666666666666667,680.3879999999999,0.0063199233378601625,0.0063199233378601625,0.6319923337860163,0.6319923337860163,63.199233378601626,0.015822976744186045
5848,Cottage Cheese,4.3,1.5,1.0,"Cheese, cottage, lowfat, low sodium",0.115,614.0,SFA 18:0,G,2.8666666666666667,2.8666666666666667,680.3879999999999,0.0063199233378601625,0.0063199233378601625,0.6319923337860163,0.6319923337860163,5.49558551118275,0.18196423255813954
5849,Cottage Cheese,4.3,1.5,1.0,"Cheese, cottage, lowfat, low sodium",8.4,317.0,"Selenium, Se",UG,2.8666666666666667,2.8666666666666667,680.3879999999999,0.0063199233378601625,0.0063199233378601625,0.6319923337860163,0.6319923337860163,0.07523718259357336,13.291300465116278
5850,Cottage Cheese,4.3,1.5,1.0,"Cheese, cottage, lowfat, low sodium",0.0,334.0,"Cryptoxanthin, beta",UG,2.8666666666666667,2.8666666666666667,680.3879999999999,0.0063199233378601625,0.0063199233378601625,0.6319923337860163,0.6319923337860163,inf,0.0
5851,Cottage Cheese,4.3,1.5,1.0,"Cheese, cottage, lowfat, low sodium",0.0,401.0,"Vitamin C, total ascorbic acid",MG,2.8666666666666667,2.8666666666666667,680.3879999999999,0.0063199233378601625,0.0063199233378601625,0.6319923337860163,0.6319923337860163,inf,0.0
5852,Cottage Cheese,4.3,1.5,1.0,"Cheese, cottage, lowfat, low sodium",0.13,406.0,Niacin,MG,2.8666666666666667,2.8666666666666667,680.3879999999999,0.0063199233378601625,0.0063199233378601625,0.6319923337860163,0.6319923337860163,4.861479490661663,0.2056986976744186
5853,Cottage Cheese,4.3,1.5,1.0,"Cheese, cottage, lowfat, low sodium",0.14,303.0,"Iron, Fe",MG,2.8666666666666667,2.8666666666666667,680.3879999999999,0.0063199233378601625,0.0063199233378601625,0.6319923337860163,0.6319923337860163,4.514230955614401,0.22152167441860465
5854,Cottage Cheese,4.3,1.5,1.0,"Cheese, cottage, lowfat, low sodium",5.0,304.0,"Magnesium, Mg",MG,2.8666666666666667,2.8666666666666667,680.3879999999999,0.0063199233378601625,0.0063199233378601625,0.6319923337860163,0.6319923337860163,0.12639846675720326,7.9114883720930225
5855,Cottage Cheese,4.3,1.5,1.0,"Cheese, cottage, lowfat, low sodium",0.0,431.0,Folic acid,UG,2.8666666666666667,2.8666666666666667,680.3879999999999,0.0063199233378601625,0.0063199233378601625,0.6319923337860163,0.6319923337860163,inf,0.0
5856,Cottage Cheese,4.3,1.5,1.0,"Cheese, cottage, lowfat, low sodium",0.0,338.0,Lutein + zeaxanthin,UG,2.8666666666666667,2.8666666666666667,680.3879999999999,0.0063199233378601625,0.0063199233378601625,0.6319923337860163,0.6319923337860163,inf,0.0
5857,Cottage Cheese,4.3,1.5,1.0,"Cheese, cottage, lowfat, low sodium",0.009,619.0,PUFA 18:3,G,2.8666666666666667,2.8666666666666667,680.3879999999999,0.0063199233378601625,0.0063199233378601625,0.6319923337860163,0.6319923337860163,70.22137042066848,0.01424067906976744
5858,Whey Protein Powder,10.0,1.0,1.0,Nutritional powder mix (EAS Whey Protein Powder),0.012,609.0,SFA 8:0,G,10.0,10.0,453.592,0.022046244201837775,0.022046244201837775,2.2046244201837775,2.2046244201837775,183.71870168198146,0.005443104
5859,Whey Protein Powder,10.0,1.0,1.0,Nutritional powder mix (EAS Whey Protein Powder),0.0,630.0,MUFA 22:1,G,10.0,10.0,453.592,0.022046244201837775,0.022046244201837775,2.2046244201837775,2.2046244201837775,inf,0.0
5860,Whey Protein Powder,10.0,1.0,1.0,Nutritional powder mix (EAS Whey Protein Powder),0.122,612.0,SFA 14:0,G,10.0,10.0,453.592,0.022046244201837775,0.022046244201837775,2.2046244201837775,2.2046244201837775,18.070691968719487,0.055338224
5861,Whey Protein Powder,10.0,1.0,1.0,Nutritional powder mix (EAS Whey Protein Powder),0.0,629.0,PUFA 20:5 n-3 (EPA),G,10.0,10.0,453.592,0.022046244201837775,0.022046244201837775,2.2046244201837775,2.2046244201837775,inf,0.0
5862,Whey Protein Powder,10.0,1.0,1.0,Nutritional powder mix (EAS Whey Protein Powder),0.926,646.0,"Fatty acids, total polyunsaturated",G,10.0,10.0,453.592,0.022046244201837775,0.022046244201837775,2.2046244201837775,2.2046244201837775,2.3808039094857207,0.420026192
5863,Whey Protein Powder,10.0,1.0,1.0,Nutritional powder mix (EAS Whey Protein Powder),2.27,418.0,Vitamin B-12,UG,10.0,10.0,453.592,0.022046244201837775,0.022046244201837775,2.2046244201837775,2.2046244201837775,0.9712001851029857,1.02965384
5864,Whey Protein Powder,10.0,1.0,1.0,Nutritional powder mix (EAS Whey Protein Powder),0.857,405.0,Riboflavin,MG,10.0,10.0,453.592,0.022046244201837775,0.022046244201837775,2.2046244201837775,2.2046244201837775,2.5724905719764033,0.388728344
5865,Whey Protein Powder,10.0,1.0,1.0,Nutritional powder mix (EAS Whey Protein Powder),0.8,401.0,"Vitamin C, total ascorbic acid",MG,10.0,10.0,453.592,0.022046244201837775,0.022046244201837775,2.2046244201837775,2.2046244201837775,2.7557805252297216,0.3628736
5866,Whey Protein Powder,10.0,1.0,1.0,Nutritional powder mix (EAS Whey Protein Powder),0.024,610.0,SFA 10:0,G,10.0,10.0,453.592,0.022046244201837775,0.022046244201837775,2.2046244201837775,2.2046244201837775,91.85935084099073,0.010886208
5867,Whey Protein Powder,10.0,1.0,1.0,Nutritional powder mix (EAS Whey Protein Powder),1.0,312.0,"Copper, Cu",MG,10.0,10.0,453.592,0.022046244201837775,0.022046244201837775,2.2046244201837775,2.2046244201837775,2.2046244201837775,0.453592
5868,Whey Protein Powder,10.0,1.0,1.0,Nutritional powder mix (EAS Whey Protein Powder),15.0,319.0,Retinol,UG,10.0,10.0,453.592,0.022046244201837775,0.022046244201837775,2.2046244201837775,2.2046244201837775,0.14697496134558516,6.80388
5869,Whey Protein Powder,10.0,1.0,1.0,Nutritional powder mix (EAS Whey Protein Powder),181.0,304.0,"Magnesium, Mg",MG,10.0,10.0,453.592,0.022046244201837775,0.022046244201837775,2.2046244201837775,2.2046244201837775,0.012180245415379987,82.100152
5870,Whey Protein Powder,10.0,1.0,1.0,Nutritional powder mix (EAS Whey Protein Powder),0.281,645.0,"Fatty acids, total monounsaturated",G,10.0,10.0,453.592,0.022046244201837775,0.022046244201837775,2.2046244201837775,2.2046244201837775,7.84563850599209,0.12745935200000003
5871,Whey Protein Powder,10.0,1.0,1.0,Nutritional powder mix (EAS Whey Protein Powder),0.105,619.0,PUFA 18:3,G,10.0,10.0,453.592,0.022046244201837775,0.022046244201837775,2.2046244201837775,2.2046244201837775,20.99642304936931,0.04762716
5872,Whey Protein Powder,10.0,1.0,1.0,Nutritional powder mix (EAS Whey Protein Powder),0.0,578.0,"Vitamin B-12, added",UG,10.0,10.0,453.592,0.022046244201837775,0.022046244201837775,2.2046244201837775,2.2046244201837775,inf,0.0
5873,Whey Protein Powder,10.0,1.0,1.0,Nutritional powder mix (EAS Whey Protein Powder),0.019,608.0,SFA 6:0,G,10.0,10.0,453.592,0.022046244201837775,0.022046244201837775,2.2046244201837775,2.2046244201837775,116.03286422019882,0.008618248
5874,Whey Protein Powder,10.0,1.0,1.0,Nutritional powder mix (EAS Whey Protein Powder),17.95,205.0,"Carbohydrate, by difference",G,10.0,10.0,453.592,0.022046244201837775,0.022046244201837775,2.2046244201837775,2.2046244201837775,0.12282030196009903,8.141976399999999
5875,Whey Protein Powder,10.0,1.0,1.0,Nutritional powder mix (EAS Whey Protein Powder),5.13,204.0,Total lipid (fat),G,10.0,10.0,453.592,0.022046244201837775,0.022046244201837775,2.2046244201837775,2.2046244201837775,0.4297513489636993,2.3269269599999998
5876,Whey Protein Powder,10.0,1.0,1.0,Nutritional powder mix (EAS Whey Protein Powder),0.0,620.0,PUFA 20:4,G,10.0,10.0,453.592,0.022046244201837775,0.022046244201837775,2.2046244201837775,2.2046244201837775,inf,0.0
5877,Whey Protein Powder,10.0,1.0,1.0,Nutritional powder mix (EAS Whey Protein Powder),0.0,263.0,Theobromine,MG,10.0,10.0,453.592,0.022046244201837775,0.022046244201837775,2.2046244201837775,2.2046244201837775,inf,0.0
5878,Whey Protein Powder,10.0,1.0,1.0,Nutritional powder mix (EAS Whey Protein Powder),0.0,337.0,Lycopene,UG,10.0,10.0,453.592,0.022046244201837775,0.022046244201837775,2.2046244201837775,2.2046244201837775,inf,0.0
5879,Whey Protein Powder,10.0,1.0,1.0,Nutritional powder mix (EAS Whey Protein Powder),0.0,221.0,"Alcohol, ethyl",G,10.0,10.0,453.592,0.022046244201837775,0.022046244201837775,2.2046244201837775,2.2046244201837775,inf,0.0
5880,Whey Protein Powder,10.0,1.0,1.0,Nutritional powder mix (EAS Whey Protein Powder),256.0,301.0,"Calcium, Ca",MG,10.0,10.0,453.592,0.022046244201837775,0.022046244201837775,2.2046244201837775,2.2046244201837775,0.00861181414134288,116.119552
5881,Whey Protein Powder,10.0,1.0,1.0,Nutritional powder mix (EAS Whey Protein Powder),385.0,307.0,"Sodium, Na",MG,10.0,10.0,453.592,0.022046244201837775,0.022046244201837775,2.2046244201837775,2.2046244201837775,0.005726297195282539,174.63292
5882,Whey Protein Powder,10.0,1.0,1.0,Nutritional powder mix (EAS Whey Protein Powder),0.0,621.0,PUFA 22:6 n-3 (DHA),G,10.0,10.0,453.592,0.022046244201837775,0.022046244201837775,2.2046244201837775,2.2046244201837775,inf,0.0
5883,Whey Protein Powder,10.0,1.0,1.0,Nutritional powder mix (EAS Whey Protein Powder),0.263,617.0,MUFA 18:1,G,10.0,10.0,453.592,0.022046244201837775,0.022046244201837775,2.2046244201837775,2.2046244201837775,8.382602358113221,0.119294696
5884,Whey Protein Powder,10.0,1.0,1.0,Nutritional powder mix (EAS Whey Protein Powder),385.0,208.0,Energy,KCAL,10.0,10.0,453.592,0.022046244201837775,0.022046244201837775,2.2046244201837775,2.2046244201837775,0.005726297195282539,174.63292
5885,Whey Protein Powder,10.0,1.0,1.0,Nutritional powder mix (EAS Whey Protein Powder),0.5,430.0,Vitamin K (phylloquinone),UG,10.0,10.0,453.592,0.022046244201837775,0.022046244201837775,2.2046244201837775,2.2046244201837775,4.409248840367555,0.226796
5886,Whey Protein Powder,10.0,1.0,1.0,Nutritional powder mix (EAS Whey Protein Powder),0.0,628.0,MUFA 20:1,G,10.0,10.0,453.592,0.022046244201837775,0.022046244201837775,2.2046244201837775,2.2046244201837775,inf,0.0
5887,Whey Protein Powder,10.0,1.0,1.0,Nutritional powder mix (EAS Whey Protein Powder),0.821,618.0,PUFA 18:2,G,10.0,10.0,453.592,0.022046244201837775,0.022046244201837775,2.2046244201837775,2.2046244201837775,2.6852916201994854,0.37239903199999996
5888,Whey Protein Powder,10.0,1.0,1.0,Nutritional powder mix (EAS Whey Protein Powder),1.819,613.0,SFA 16:0,G,10.0,10.0,453.592,0.022046244201837775,0.022046244201837775,2.2046244201837775,2.2046244201837775,1.2119980319866837,0.825083848
5889,Whey Protein Powder,10.0,1.0,1.0,Nutritional powder mix (EAS Whey Protein Powder),0.0,262.0,Caffeine,MG,10.0,10.0,453.592,0.022046244201837775,0.022046244201837775,2.2046244201837775,2.2046244201837775,inf,0.0
5890,Whey Protein Powder,10.0,1.0,1.0,Nutritional powder mix (EAS Whey Protein Powder),340.0,435.0,"Folate, DFE",UG,10.0,10.0,453.592,0.022046244201837775,0.022046244201837775,2.2046244201837775,2.2046244201837775,0.006484189471128757,154.22128
5891,Whey Protein Powder,10.0,1.0,1.0,Nutritional powder mix (EAS Whey Protein Powder),0.0,321.0,"Carotene, beta",UG,10.0,10.0,453.592,0.022046244201837775,0.022046244201837775,2.2046244201837775,2.2046244201837775,inf,0.0
5892,Whey Protein Powder,10.0,1.0,1.0,Nutritional powder mix (EAS Whey Protein Powder),0.0,432.0,"Folate, food",UG,10.0,10.0,453.592,0.022046244201837775,0.022046244201837775,2.2046244201837775,2.2046244201837775,inf,0.0
5893,Whey Protein Powder,10.0,1.0,1.0,Nutritional powder mix (EAS Whey Protein Powder),0.0,573.0,"Vitamin E, added",MG,10.0,10.0,453.592,0.022046244201837775,0.022046244201837775,2.2046244201837775,2.2046244201837775,inf,0.0
5894,Whey Protein Powder,10.0,1.0,1.0,Nutritional powder mix (EAS Whey Protein Powder),0.92,303.0,"Iron, Fe",MG,10.0,10.0,453.592,0.022046244201837775,0.022046244201837775,2.2046244201837775,2.2046244201837775,2.396330891504106,0.41730464
5895,Whey Protein Powder,10.0,1.0,1.0,Nutritional powder mix (EAS Whey Protein Powder),0.055,607.0,SFA 4:0,G,10.0,10.0,453.592,0.022046244201837775,0.022046244201837775,2.2046244201837775,2.2046244201837775,40.08408036697777,0.02494756
5896,Whey Protein Powder,10.0,1.0,1.0,Nutritional powder mix (EAS Whey Protein Powder),0.714,404.0,Thiamin,MG,10.0,10.0,453.592,0.022046244201837775,0.022046244201837775,2.2046244201837775,2.2046244201837775,3.087709271966075,0.323864688
5897,Whey Protein Powder,10.0,1.0,1.0,Nutritional powder mix (EAS Whey Protein Powder),0.0,328.0,Vitamin D (D2 + D3),UG,10.0,10.0,453.592,0.022046244201837775,0.022046244201837775,2.2046244201837775,2.2046244201837775,inf,0.0
5898,Whey Protein Powder,10.0,1.0,1.0,Nutritional powder mix (EAS Whey Protein Powder),0.499,614.0,SFA 18:0,G,10.0,10.0,453.592,0.022046244201837775,0.022046244201837775,2.2046244201837775,2.2046244201837775,4.418085010388332,0.226342408
5899,Whey Protein Powder,10.0,1.0,1.0,Nutritional powder mix (EAS Whey Protein Powder),15.0,320.0,"Vitamin A, RAE",UG,10.0,10.0,453.592,0.022046244201837775,0.022046244201837775,2.2046244201837775,2.2046244201837775,0.14697496134558516,6.80388
5900,Whey Protein Powder,10.0,1.0,1.0,Nutritional powder mix (EAS Whey Protein Powder),1.0,415.0,Vitamin B-6,MG,10.0,10.0,453.592,0.022046244201837775,0.022046244201837775,2.2046244201837775,2.2046244201837775,2.2046244201837775,0.453592
5901,Whey Protein Powder,10.0,1.0,1.0,Nutritional powder mix (EAS Whey Protein Powder),66.67,203.0,Protein,G,10.0,10.0,453.592,0.022046244201837775,0.022046244201837775,2.2046244201837775,2.2046244201837775,0.0330677129171108,30.24097864
5902,Whey Protein Powder,10.0,1.0,1.0,Nutritional powder mix (EAS Whey Protein Powder),6.61,255.0,Water,G,10.0,10.0,453.592,0.022046244201837775,0.022046244201837775,2.2046244201837775,2.2046244201837775,0.3335286566087409,2.99824312
5903,Whey Protein Powder,10.0,1.0,1.0,Nutritional powder mix (EAS Whey Protein Powder),0.0,631.0,PUFA 22:5 n-3 (DPA),G,10.0,10.0,453.592,0.022046244201837775,0.022046244201837775,2.2046244201837775,2.2046244201837775,inf,0.0
5904,Whey Protein Powder,10.0,1.0,1.0,Nutritional powder mix (EAS Whey Protein Powder),200.0,417.0,"Folate, total",UG,10.0,10.0,453.592,0.022046244201837775,0.022046244201837775,2.2046244201837775,2.2046244201837775,0.011023122100918888,90.7184
5905,Whey Protein Powder,10.0,1.0,1.0,Nutritional powder mix (EAS Whey Protein Powder),0.0,291.0,"Fiber, total dietary",G,10.0,10.0,453.592,0.022046244201837775,0.022046244201837775,2.2046244201837775,2.2046244201837775,inf,0.0
5906,Whey Protein Powder,10.0,1.0,1.0,Nutritional powder mix (EAS Whey Protein Powder),564.0,306.0,"Potassium, K",MG,10.0,10.0,453.592,0.022046244201837775,0.022046244201837775,2.2046244201837775,2.2046244201837775,0.003908908546425138,255.825888
5907,Whey Protein Powder,10.0,1.0,1.0,Nutritional powder mix (EAS Whey Protein Powder),205.0,601.0,Cholesterol,MG,10.0,10.0,453.592,0.022046244201837775,0.022046244201837775,2.2046244201837775,2.2046244201837775,0.01075426546431111,92.98636
5908,Whey Protein Powder,10.0,1.0,1.0,Nutritional powder mix (EAS Whey Protein Powder),0.0,338.0,Lutein + zeaxanthin,UG,10.0,10.0,453.592,0.022046244201837775,0.022046244201837775,2.2046244201837775,2.2046244201837775,inf,0.0
5909,Whey Protein Powder,10.0,1.0,1.0,Nutritional powder mix (EAS Whey Protein Powder),81.6,421.0,"Choline, total",MG,10.0,10.0,453.592,0.022046244201837775,0.022046244201837775,2.2046244201837775,2.2046244201837775,0.027017456129703157,37.0131072
5910,Whey Protein Powder,10.0,1.0,1.0,Nutritional powder mix (EAS Whey Protein Powder),7.14,309.0,"Zinc, Zn",MG,10.0,10.0,453.592,0.022046244201837775,0.022046244201837775,2.2046244201837775,2.2046244201837775,0.3087709271966075,3.2386468799999997
5911,Whey Protein Powder,10.0,1.0,1.0,Nutritional powder mix (EAS Whey Protein Powder),5.13,269.0,"Sugars, Total",G,10.0,10.0,453.592,0.022046244201837775,0.022046244201837775,2.2046244201837775,2.2046244201837775,0.4297513489636993,2.3269269599999998
5912,Whey Protein Powder,10.0,1.0,1.0,Nutritional powder mix (EAS Whey Protein Powder),0.0,334.0,"Cryptoxanthin, beta",UG,10.0,10.0,453.592,0.022046244201837775,0.022046244201837775,2.2046244201837775,2.2046244201837775,inf,0.0
5913,Whey Protein Powder,10.0,1.0,1.0,Nutritional powder mix (EAS Whey Protein Powder),643.0,305.0,"Phosphorus, P",MG,10.0,10.0,453.592,0.022046244201837775,0.022046244201837775,2.2046244201837775,2.2046244201837775,0.0034286538416543975,291.659656
5914,Whey Protein Powder,10.0,1.0,1.0,Nutritional powder mix (EAS Whey Protein Powder),0.38,323.0,Vitamin E (alpha-tocopherol),MG,10.0,10.0,453.592,0.022046244201837775,0.022046244201837775,2.2046244201837775,2.2046244201837775,5.8016432110099405,0.17236496
5915,Whey Protein Powder,10.0,1.0,1.0,Nutritional powder mix (EAS Whey Protein Powder),10.0,406.0,Niacin,MG,10.0,10.0,453.592,0.022046244201837775,0.022046244201837775,2.2046244201837775,2.2046244201837775,0.22046244201837775,4.53592
5916,Whey Protein Powder,10.0,1.0,1.0,Nutritional powder mix (EAS Whey Protein Powder),0.0,627.0,PUFA 18:4,G,10.0,10.0,453.592,0.022046244201837775,0.022046244201837775,2.2046244201837775,2.2046244201837775,inf,0.0
5917,Whey Protein Powder,10.0,1.0,1.0,Nutritional powder mix (EAS Whey Protein Powder),0.014,611.0,SFA 12:0,G,10.0,10.0,453.592,0.022046244201837775,0.022046244201837775,2.2046244201837775,2.2046244201837775,157.47317287026982,0.006350288
5918,Whey Protein Powder,10.0,1.0,1.0,Nutritional powder mix (EAS Whey Protein Powder),0.018,626.0,MUFA 16:1,G,10.0,10.0,453.592,0.022046244201837775,0.022046244201837775,2.2046244201837775,2.2046244201837775,122.47913445465431,0.008164656
5919,Whey Protein Powder,10.0,1.0,1.0,Nutritional powder mix (EAS Whey Protein Powder),2.564,606.0,"Fatty acids, total saturated",G,10.0,10.0,453.592,0.022046244201837775,0.022046244201837775,2.2046244201837775,2.2046244201837775,0.8598379173883687,1.163009888
5920,Whey Protein Powder,10.0,1.0,1.0,Nutritional powder mix (EAS Whey Protein Powder),0.0,322.0,"Carotene, alpha",UG,10.0,10.0,453.592,0.022046244201837775,0.022046244201837775,2.2046244201837775,2.2046244201837775,inf,0.0
5921,Whey Protein Powder,10.0,1.0,1.0,Nutritional powder mix (EAS Whey Protein Powder),24.8,317.0,"Selenium, Se",UG,10.0,10.0,453.592,0.022046244201837775,0.022046244201837775,2.2046244201837775,2.2046244201837775,0.08889614597515232,11.2490816
5922,Whey Protein Powder,10.0,1.0,1.0,Nutritional powder mix (EAS Whey Protein Powder),200.0,431.0,Folic acid,UG,10.0,10.0,453.592,0.022046244201837775,0.022046244201837775,2.2046244201837775,2.2046244201837775,0.011023122100918888,90.7184
5923,American Cheese,2.59,0.75,1.0,"Cheese, American",0.806,611.0,SFA 12:0,G,3.453333333333333,3.453333333333333,340.19399999999996,0.007613302997701312,0.007613302997701312,0.7613302997701312,0.7613302997701312,0.9445785356949519,1.05867322007722
5924,American Cheese,2.59,0.75,1.0,"Cheese, American",0.017,631.0,PUFA 22:5 n-3 (DPA),G,3.453333333333333,3.453333333333333,340.19399999999996,0.007613302997701312,0.007613302997701312,0.7613302997701312,0.7613302997701312,44.784135280595954,0.022329335907335907
5925,American Cheese,2.59,0.75,1.0,"Cheese, American",0.443,626.0,MUFA 16:1,G,3.453333333333333,3.453333333333333,340.19399999999996,0.007613302997701312,0.007613302997701312,0.7613302997701312,0.7613302997701312,1.7185785547858492,0.5818762239382239
5926,American Cheese,2.59,0.75,1.0,"Cheese, American",0.711,610.0,SFA 10:0,G,3.453333333333333,3.453333333333333,340.19399999999996,0.007613302997701312,0.007613302997701312,0.7613302997701312,0.7613302997701312,1.070788044683729,0.9338916370656369
5927,American Cheese,2.59,0.75,1.0,"Cheese, American",0.467,608.0,SFA 6:0,G,3.453333333333333,3.453333333333333,340.19399999999996,0.007613302997701312,0.007613302997701312,0.7613302997701312,0.7613302997701312,1.6302576012208376,0.6133999922779922
5928,American Cheese,2.59,0.75,1.0,"Cheese, American",6.271,617.0,MUFA 18:1,G,3.453333333333333,3.453333333333333,340.19399999999996,0.007613302997701312,0.007613302997701312,0.7613302997701312,0.7613302997701312,0.12140492740713303,8.236897969111968
5929,American Cheese,2.59,0.75,1.0,"Cheese, American",1.023,618.0,PUFA 18:2,G,3.453333333333333,3.453333333333333,340.19399999999996,0.007613302997701312,0.007613302997701312,0.7613302997701312,0.7613302997701312,0.7442133917596592,1.3437006254826251
5930,American Cheese,2.59,0.75,1.0,"Cheese, American",2.832,614.0,SFA 18:0,G,3.453333333333333,3.453333333333333,340.19399999999996,0.007613302997701312,0.007613302997701312,0.7613302997701312,0.7613302997701312,0.26883132054030057,3.7198046640926634
5931,American Cheese,2.59,0.75,1.0,"Cheese, American",0.104,628.0,MUFA 20:1,G,3.453333333333333,3.453333333333333,340.19399999999996,0.007613302997701312,0.007613302997701312,0.7613302997701312,0.7613302997701312,7.320483651635877,0.13660299613899612
5932,American Cheese,2.59,0.75,1.0,"Cheese, American",6.525,645.0,"Fatty acids, total monounsaturated",G,3.453333333333333,3.453333333333333,340.19399999999996,0.007613302997701312,0.007613302997701312,0.7613302997701312,0.7613302997701312,0.1166789731448477,8.570524517374517
5933,American Cheese,2.59,0.75,1.0,"Cheese, American",0.01,629.0,PUFA 20:5 n-3 (EPA),G,3.453333333333333,3.453333333333333,340.19399999999996,0.007613302997701312,0.007613302997701312,0.7613302997701312,0.7613302997701312,76.13302997701312,0.013134903474903474
5934,American Cheese,2.59,0.75,1.0,"Cheese, American",7.45,613.0,SFA 16:0,G,3.453333333333333,3.453333333333333,340.19399999999996,0.007613302997701312,0.007613302997701312,0.7613302997701312,0.7613302997701312,0.10219198654632633,9.785503088803088
5935,American Cheese,2.59,0.75,1.0,"Cheese, American",0.039,620.0,PUFA 20:4,G,3.453333333333333,3.453333333333333,340.19399999999996,0.007613302997701312,0.007613302997701312,0.7613302997701312,0.7613302997701312,19.52128973769567,0.05122612355212355
5936,American Cheese,2.59,0.75,1.0,"Cheese, American",0.002,630.0,MUFA 22:1,G,3.453333333333333,3.453333333333333,340.19399999999996,0.007613302997701312,0.007613302997701312,0.7613302997701312,0.7613302997701312,380.6651498850656,0.0026269806949806946
5937,American Cheese,2.59,0.75,1.0,"Cheese, American",1.103,646.0,"Fatty acids, total polyunsaturated",G,3.453333333333333,3.453333333333333,340.19399999999996,0.007613302997701312,0.007613302997701312,0.7613302997701312,0.7613302997701312,0.6902359925386503,1.4487798532818532
5938,American Cheese,2.59,0.75,1.0,"Cheese, American",0.006,627.0,PUFA 18:4,G,3.453333333333333,3.453333333333333,340.19399999999996,0.007613302997701312,0.007613302997701312,0.7613302997701312,0.7613302997701312,126.88838329502187,0.007880942084942085
5939,American Cheese,2.59,0.75,1.0,"Cheese, American",0.003,621.0,PUFA 22:6 n-3 (DHA),G,3.453333333333333,3.453333333333333,340.19399999999996,0.007613302997701312,0.007613302997701312,0.7613302997701312,0.7613302997701312,253.77676659004374,0.003940471042471042
5940,American Cheese,2.59,0.75,1.0,"Cheese, American",0.3,609.0,SFA 8:0,G,3.453333333333333,3.453333333333333,340.19399999999996,0.007613302997701312,0.007613302997701312,0.7613302997701312,0.7613302997701312,2.5377676659004376,0.3940471042471042
5941,American Cheese,2.59,0.75,1.0,"Cheese, American",2.592,612.0,SFA 14:0,G,3.453333333333333,3.453333333333333,340.19399999999996,0.007613302997701312,0.007613302997701312,0.7613302997701312,0.7613302997701312,0.29372310947921726,3.4045669806949803
5942,American Cheese,2.59,0.75,1.0,"Cheese, American",0.13,619.0,PUFA 18:3,G,3.453333333333333,3.453333333333333,340.19399999999996,0.007613302997701312,0.007613302997701312,0.7613302997701312,0.7613302997701312,5.856386921308702,0.17075374517374517
5943,American Cheese,2.59,0.75,1.0,"Cheese, American",0.0,322.0,"Carotene, alpha",UG,3.453333333333333,3.453333333333333,340.19399999999996,0.007613302997701312,0.007613302997701312,0.7613302997701312,0.7613302997701312,inf,0.0
5944,American Cheese,2.59,0.75,1.0,"Cheese, American",0.038,312.0,"Copper, Cu",MG,3.453333333333333,3.453333333333333,340.19399999999996,0.007613302997701312,0.007613302997701312,0.7613302997701312,0.7613302997701312,20.035007888687666,0.0499126332046332
5945,American Cheese,2.59,0.75,1.0,"Cheese, American",1.47,418.0,Vitamin B-12,UG,3.453333333333333,3.453333333333333,340.19399999999996,0.007613302997701312,0.007613302997701312,0.7613302997701312,0.7613302997701312,0.5179117685511097,1.9308308108108105
5946,American Cheese,2.59,0.75,1.0,"Cheese, American",0.0,401.0,"Vitamin C, total ascorbic acid",MG,3.453333333333333,3.453333333333333,340.19399999999996,0.007613302997701312,0.007613302997701312,0.7613302997701312,0.7613302997701312,inf,0.0
5947,American Cheese,2.59,0.75,1.0,"Cheese, American",916.0,301.0,"Calcium, Ca",MG,3.453333333333333,3.453333333333333,340.19399999999996,0.007613302997701312,0.007613302997701312,0.7613302997701312,0.7613302997701312,0.0008311466154695755,1203.1571583011582
5948,American Cheese,2.59,0.75,1.0,"Cheese, American",91.0,601.0,Cholesterol,MG,3.453333333333333,3.453333333333333,340.19399999999996,0.007613302997701312,0.007613302997701312,0.7613302997701312,0.7613302997701312,0.008366267030441002,119.5276216216216
5949,American Cheese,2.59,0.75,1.0,"Cheese, American",0.079,415.0,Vitamin B-6,MG,3.453333333333333,3.453333333333333,340.19399999999996,0.007613302997701312,0.007613302997701312,0.7613302997701312,0.7613302997701312,9.63709240215356,0.10376573745173745
5950,American Cheese,2.59,0.75,1.0,"Cheese, American",11.0,432.0,"Folate, food",UG,3.453333333333333,3.453333333333333,340.19399999999996,0.007613302997701312,0.007613302997701312,0.7613302997701312,0.7613302997701312,0.06921184543364829,14.448393822393822
5951,American Cheese,2.59,0.75,1.0,"Cheese, American",290.0,320.0,"Vitamin A, RAE",UG,3.453333333333333,3.453333333333333,340.19399999999996,0.007613302997701312,0.007613302997701312,0.7613302997701312,0.7613302997701312,0.002625276895759073,380.9122007722007
5952,American Cheese,2.59,0.75,1.0,"Cheese, American",28.0,304.0,"Magnesium, Mg",MG,3.453333333333333,3.453333333333333,340.19399999999996,0.007613302997701312,0.007613302997701312,0.7613302997701312,0.7613302997701312,0.027190367848933257,36.77772972972973
5953,American Cheese,2.59,0.75,1.0,"Cheese, American",17.2,203.0,Protein,G,3.453333333333333,3.453333333333333,340.19399999999996,0.007613302997701312,0.007613302997701312,0.7613302997701312,0.7613302997701312,0.04426338952151926,22.592033976833974
5954,American Cheese,2.59,0.75,1.0,"Cheese, American",0.0,291.0,"Fiber, total dietary",G,3.453333333333333,3.453333333333333,340.19399999999996,0.007613302997701312,0.007613302997701312,0.7613302997701312,0.7613302997701312,inf,0.0
5955,American Cheese,2.59,0.75,1.0,"Cheese, American",0.56,303.0,"Iron, Fe",MG,3.453333333333333,3.453333333333333,340.19399999999996,0.007613302997701312,0.007613302997701312,0.7613302997701312,0.7613302997701312,1.3595183924466627,0.7355545945945946
5956,American Cheese,2.59,0.75,1.0,"Cheese, American",0.0,573.0,"Vitamin E, added",MG,3.453333333333333,3.453333333333333,340.19399999999996,0.007613302997701312,0.007613302997701312,0.7613302997701312,0.7613302997701312,inf,0.0
5957,American Cheese,2.59,0.75,1.0,"Cheese, American",1513.0,307.0,"Sodium, Na",MG,3.453333333333333,3.453333333333333,340.19399999999996,0.007613302997701312,0.007613302997701312,0.7613302997701312,0.7613302997701312,0.0005031925312426512,1987.3108957528955
5958,American Cheese,2.59,0.75,1.0,"Cheese, American",6.82,205.0,"Carbohydrate, by difference",G,3.453333333333333,3.453333333333333,340.19399999999996,0.007613302997701312,0.007613302997701312,0.7613302997701312,0.7613302997701312,0.11163200876394885,8.95800416988417
5959,American Cheese,2.59,0.75,1.0,"Cheese, American",11.0,435.0,"Folate, DFE",UG,3.453333333333333,3.453333333333333,340.19399999999996,0.007613302997701312,0.007613302997701312,0.7613302997701312,0.7613302997701312,0.06921184543364829,14.448393822393822
5960,American Cheese,2.59,0.75,1.0,"Cheese, American",2.36,309.0,"Zinc, Zn",MG,3.453333333333333,3.453333333333333,340.19399999999996,0.007613302997701312,0.007613302997701312,0.7613302997701312,0.7613302997701312,0.3225975846483607,3.0998372200772195
5961,American Cheese,2.59,0.75,1.0,"Cheese, American",28.25,204.0,Total lipid (fat),G,3.453333333333333,3.453333333333333,340.19399999999996,0.007613302997701312,0.007613302997701312,0.7613302997701312,0.7613302997701312,0.026949745124606416,37.10610231660231
5962,American Cheese,2.59,0.75,1.0,"Cheese, American",281.0,319.0,Retinol,UG,3.453333333333333,3.453333333333333,340.19399999999996,0.007613302997701312,0.007613302997701312,0.7613302997701312,0.7613302997701312,0.0027093604974026022,369.0907876447876
5963,American Cheese,2.59,0.75,1.0,"Cheese, American",0.0,262.0,Caffeine,MG,3.453333333333333,3.453333333333333,340.19399999999996,0.007613302997701312,0.007613302997701312,0.7613302997701312,0.7613302997701312,inf,0.0
5964,American Cheese,2.59,0.75,1.0,"Cheese, American",10.0,334.0,"Cryptoxanthin, beta",UG,3.453333333333333,3.453333333333333,340.19399999999996,0.007613302997701312,0.007613302997701312,0.7613302997701312,0.7613302997701312,0.07613302997701313,13.134903474903474
5965,American Cheese,2.59,0.75,1.0,"Cheese, American",206.0,306.0,"Potassium, K",MG,3.453333333333333,3.453333333333333,340.19399999999996,0.007613302997701312,0.007613302997701312,0.7613302997701312,0.7613302997701312,0.003695778154223938,270.57901158301155
5966,American Cheese,2.59,0.75,1.0,"Cheese, American",31.0,338.0,Lutein + zeaxanthin,UG,3.453333333333333,3.453333333333333,340.19399999999996,0.007613302997701312,0.007613302997701312,0.7613302997701312,0.7613302997701312,0.02455904192806875,40.71820077220077
5967,American Cheese,2.59,0.75,1.0,"Cheese, American",350.0,208.0,Energy,KCAL,3.453333333333333,3.453333333333333,340.19399999999996,0.007613302997701312,0.007613302997701312,0.7613302997701312,0.7613302997701312,0.0021752294279146606,459.7216216216216
5968,American Cheese,2.59,0.75,1.0,"Cheese, American",4.21,269.0,"Sugars, Total",G,3.453333333333333,3.453333333333333,340.19399999999996,0.007613302997701312,0.007613302997701312,0.7613302997701312,0.7613302997701312,0.18083855101428295,5.529794362934362
5969,American Cheese,2.59,0.75,1.0,"Cheese, American",24.7,421.0,"Choline, total",MG,3.453333333333333,3.453333333333333,340.19399999999996,0.007613302997701312,0.007613302997701312,0.7613302997701312,0.7613302997701312,0.030823089059519485,32.44321158301158
5970,American Cheese,2.59,0.75,1.0,"Cheese, American",0.306,405.0,Riboflavin,MG,3.453333333333333,3.453333333333333,340.19399999999996,0.007613302997701312,0.007613302997701312,0.7613302997701312,0.7613302997701312,2.4880075155886643,0.4019280463320463
5971,American Cheese,2.59,0.75,1.0,"Cheese, American",100.0,321.0,"Carotene, beta",UG,3.453333333333333,3.453333333333333,340.19399999999996,0.007613302997701312,0.007613302997701312,0.7613302997701312,0.7613302997701312,0.007613302997701312,131.34903474903473
5972,American Cheese,2.59,0.75,1.0,"Cheese, American",41.39,255.0,Water,G,3.453333333333333,3.453333333333333,340.19399999999996,0.007613302997701312,0.007613302997701312,0.7613302997701312,0.7613302997701312,0.01839406377796886,54.36536548262548
5973,American Cheese,2.59,0.75,1.0,"Cheese, American",0.023,404.0,Thiamin,MG,3.453333333333333,3.453333333333333,340.19399999999996,0.007613302997701312,0.007613302997701312,0.7613302997701312,0.7613302997701312,33.101317381310054,0.03021027799227799
5974,American Cheese,2.59,0.75,1.0,"Cheese, American",0.0,337.0,Lycopene,UG,3.453333333333333,3.453333333333333,340.19399999999996,0.007613302997701312,0.007613302997701312,0.7613302997701312,0.7613302997701312,inf,0.0
5975,American Cheese,2.59,0.75,1.0,"Cheese, American",7.2,328.0,Vitamin D (D2 + D3),UG,3.453333333333333,3.453333333333333,340.19399999999996,0.007613302997701312,0.007613302997701312,0.7613302997701312,0.7613302997701312,0.10574031941251823,9.457130501930502
5976,American Cheese,2.59,0.75,1.0,"Cheese, American",16.244,606.0,"Fatty acids, total saturated",G,3.453333333333333,3.453333333333333,340.19399999999996,0.007613302997701312,0.007613302997701312,0.7613302997701312,0.7613302997701312,0.0468684006260854,21.336337204633203
5977,American Cheese,2.59,0.75,1.0,"Cheese, American",0.0,263.0,Theobromine,MG,3.453333333333333,3.453333333333333,340.19399999999996,0.007613302997701312,0.007613302997701312,0.7613302997701312,0.7613302997701312,inf,0.0
5978,American Cheese,2.59,0.75,1.0,"Cheese, American",0.0,431.0,Folic acid,UG,3.453333333333333,3.453333333333333,340.19399999999996,0.007613302997701312,0.007613302997701312,0.7613302997701312,0.7613302997701312,inf,0.0
5979,American Cheese,2.59,0.75,1.0,"Cheese, American",0.571,607.0,SFA 4:0,G,3.453333333333333,3.453333333333333,340.19399999999996,0.007613302997701312,0.007613302997701312,0.7613302997701312,0.7613302997701312,1.3333280206131897,0.7500029884169883
5980,American Cheese,2.59,0.75,1.0,"Cheese, American",11.0,417.0,"Folate, total",UG,3.453333333333333,3.453333333333333,340.19399999999996,0.007613302997701312,0.007613302997701312,0.7613302997701312,0.7613302997701312,0.06921184543364829,14.448393822393822
5981,American Cheese,2.59,0.75,1.0,"Cheese, American",0.0,221.0,"Alcohol, ethyl",G,3.453333333333333,3.453333333333333,340.19399999999996,0.007613302997701312,0.007613302997701312,0.7613302997701312,0.7613302997701312,inf,0.0
5982,American Cheese,2.59,0.75,1.0,"Cheese, American",0.0,578.0,"Vitamin B-12, added",UG,3.453333333333333,3.453333333333333,340.19399999999996,0.007613302997701312,0.007613302997701312,0.7613302997701312,0.7613302997701312,inf,0.0
5983,American Cheese,2.59,0.75,1.0,"Cheese, American",0.12,406.0,Niacin,MG,3.453333333333333,3.453333333333333,340.19399999999996,0.007613302997701312,0.007613302997701312,0.7613302997701312,0.7613302997701312,6.344419164751094,0.1576188416988417
5984,American Cheese,2.59,0.75,1.0,"Cheese, American",3.2,430.0,Vitamin K (phylloquinone),UG,3.453333333333333,3.453333333333333,340.19399999999996,0.007613302997701312,0.007613302997701312,0.7613302997701312,0.7613302997701312,0.237915718678166,4.203169111969112
5985,American Cheese,2.59,0.75,1.0,"Cheese, American",0.81,323.0,Vitamin E (alpha-tocopherol),MG,3.453333333333333,3.453333333333333,340.19399999999996,0.007613302997701312,0.007613302997701312,0.7613302997701312,0.7613302997701312,0.9399139503334952,1.0639271814671813
5986,American Cheese,2.59,0.75,1.0,"Cheese, American",563.0,305.0,"Phosphorus, P",MG,3.453333333333333,3.453333333333333,340.19399999999996,0.007613302997701312,0.007613302997701312,0.7613302997701312,0.7613302997701312,0.0013522740670872668,739.4950656370655
5987,American Cheese,2.59,0.75,1.0,"Cheese, American",19.0,317.0,"Selenium, Se",UG,3.453333333333333,3.453333333333333,340.19399999999996,0.007613302997701312,0.007613302997701312,0.7613302997701312,0.7613302997701312,0.040070015777375324,24.9563166023166
